2404 3882
510 168 561 209 35
905 142 1044 186 DE

1158 143 1493 191 NOLA

1602 147 1763 191 LIB.
1850 152 1885 193 I.
2129 168 2133 172 ·
2218 158 2268 202 36

453 247 612 299 periculo
637 238 822 288 exposuere
850 241 865 281 ξ
895 247 948 275 ter
972 241 1070 275 enim'
1102 237 1262 274 Annibal
1285 241 1485 282 NO-Amis
1520 243 1681 278 militum
1718 244 1855 290 aliquot
1890 249 1996 279 mane
2038 241 2174 277 summo
2215 254 2318 291 capta

454 300 528 332 lam
548 292 683 326 summo
710 297 844 322 conatu
862 285 1034 333 aggressus
1054 284 1098 318 est
1112 308 1122 318 .
1142 286 1185 318 In
1200 296 1270 331 quo
1296 298 1360 319 ne-

454 354 513 379 mo
539 332 828 381 magnitudinem
859 332 1005 368 Nolanae
1032 329 1236 364 constantiae
1270 330 1357 366 aesti.

452 396 548 423 mare
567 390 663 416 certo
689 380 846 423 quiverit
869 401 879 418 ‚
904 375 969 411 nili
995 377 1058 422 qui
1084 372 1229 410 senserit
1255 398 1267 416 ‚
1296 388 1358 423 pa-

452 427 586 466 vescere
610 430 811 463 Romanos,
839 428 1059 467 Romamque
1083 428 1197 457 totam
1218 430 1361 456 contre.

451 470 598 514 miscere
644 478 723 504 tum
761 492 773 509 ,
824 480 936 516 quum
984 466 1204 505 Annibalem
1253 466 1359 503 castra

452 516 613 557 adversus
635 514 760 550 urbem
785 519 935 550 Romam
958 511 1110 548 movisse
1142 515 1359 547 nunciatum

453 567 524 603 est.
549 563 761 608 Qijnetiam
784 562 905 606 Capua
923 581 935 598 ‚
960 561 1215 602 Samniumque
1239 560 1359 593 Anni-

452 613 526 648 bali
553 612 623 652 jam
645 604 763 640 dedita
788 602 962 640 exclusam
985 605 1115 639 Nolam
1142 601 1160 637 ὲ
1189 605 1357 638 Romanis

454 662 583 704 (quum
616 652 688 691 ipsa
716 651 993 692 interjacerent)
1027 648 1133 695 prope
1160 646 1320 683 fecerunt
1343 660 1356 681 t

452 712 560 748 atque
582 692 659 734 eafn
681 694 750 730 sere
773 695 932 740 undique
954 693 1140 729 hostilibus
1164 693 1360 727 circumde-

1415 289 1620 327 clanculum
1641 288 1740 322 urbis
1764 298 1888 334 porta,
1912 289 2043 324 Nolam
2066 289 2239 328 intravit,
2265 303 2319 324 re-

1415 340 1581 376 oiamque
1600 332 1779 368 militibus
1798 333 2037 379 circumsepsit
2050 355 2061 372 ·,
2087 341 2128 367 ut
2146 336 2318 369 Raimun-

1441 393 1505 416 um
1529 377 1699 413 urfinum
1730 381 1850 425 Pyrrhi
1878 380 1997 416 filium
2034 389 2144 414 manu
2179 390 2318 425 caperet

1417 431 1504 472 (erat
1530 426 1630 458 enim
1655 424 1683 456 is
1708 432 1787 458 tum
1813 437 1896 471 puer
1926 449 1938 466 ‚
1963 436 2002 460 ac
2032 425 2131 459 Nolae
2152 425 2318 469 regulus)

1415 487 1456 510 eo
1480 472 1577 505 enim
1600 477 1704 513 capto
1729 469 1898 514 'sperabat
1925 469 2058 505 Blafius
2080 468 2167 503 urbe
2192 471 2317 514 potiri.

1415 517 1548 556 Nolani
1575 513 1657 550 verb
1685 512 1722 548 id
1746 515 1934 552 sentientes
1949 539 1962 556 ‚
1986 515 2077 551 faeto
2099 517 2237 549 civium
2263 528 2318 550 ar-

1414 571 1593 602 matorum
1617 570 1729 601 cuneo
1743 582 1755 599 φ
1776 560 1890 596 statim
1905 572 2060 609 tempore
2077 560 2231 594 Blafium
2256 573 2318 607 ag-

1414 607 1517 656 gressi
1537 605 1618 640 sunt
1631 628 1642 645 ‚
1669 617 1820 652 eumque
1840 607 1928 642 urbe
1952 607 2138 654 pepulere,
2161 615 2200 639 ac
2214 617 2316 651 regu-

1415 658 1493 690 lum
1507 651 1686 687 servavere
1701 676 1710 684 .
1725 655 1830 687 Porro
1853 652 1965 687 nostra
1978 652 2179 696 tempestate
2201 661 2317 694 quum

1415 699 1565 735 Carolus
1587 699 1690 732 VIII.
1713 697 1902 732 Gallorum
1925 709 1986 732 rex
2006 695 2179 738 deiecisset
2201 696 2242 730 de
2264 712 2318 733 re-

452 750 559 786 detes
580 755 645 780 nec
670 742 716 775 ob
730 742 800 775 haec
818 739 889 786 ipsa
904 751 1064 792 unquam
1089 737 1106 772 ἒι
1126 738 1194 793 fide
1208 736 1404 792 discede-B
1417 757 1487 792 8¹10
1514 741 1777 777 Ferdinandum
1799 743 1966 789 Neapolis
1983 754 2100 788 regem
2114 764 2126 782 ‚
2150 742 2315 790 frafflaeq„

453 807 489 832 se
517 793 691 839 placitum
714 787 760 820 est
783 786 932 820 Nolams
959 806 971 823 2
1003 784 1055 818 sed
1081 794 1199 831 potius
1222 796 1262 817 ΧΠ
1290 782 1358 818 fide
1415 791 1534 837 potius
1569 787 1732 822 extinfftae
1767 785 1877 822 essent
1917 789 2020 832 regiae
2056 791 2146 823 vires
2172 811 2184 828 ‚
2209 800 2316 832 atque

453 845 638 876 manentes
664 841 782 866 totum
806 829 876 864 fere
892 832 1076 866 Samnium
1098 827 1358 864 incursionibus

452 884 690 918 devastavere.
713 881 838 920 Neque
861 874 887 910 fi
908 875 1008 919 plebs
1029 876 1168 910 Nolana
1193 873 1248 920 spe
1268 871 1358 908 effu-

452 927 573 963 9iendi
600 921 824 960 incommoda
850 943 862 960 ‚
885 931 961 966 quae
983 919 1103 956 obseffi
1124 919 1213 955 ferre
1240 918 1352 953 solent

452 962 639 1017 (Annibali
671 982 709 1003 rr.
729 966 890 1009 favebat)
920 967 999 1001 ideo
1023 966 1164 1001 Nolana
1194 977 1246 1000 res
1270 964 1353 1000 infi-

450 1020 495 1056 da
522 1018 566 1053 est
597 1012 755 1051 habenda
780 1025 792 1052 5
816 1011 900 1045 urbs
924 1014 1022 1048 enim
1048 1009 1243 1057 civitasque
1271 1021 1351 1056 pro-

450 1064 528 1113 prie
553 1060 642 1096 illud
669 1059 739 1097 est,
762 1055 857 1104 quod
880 1067 986 1104 caput
1000 1057 1044 1092 est
1059 1080 1072 1096 .,
1096 1065 1200 1103 atque
1225 1056 1351 1090 melior

449 1122 552 1157 pars,
574 1108 636 1153 qui
650 1108 793 1138 Senatus
809 1124 820 1141 ‚
833 1103 864 1135 &
882 1104 1045 1149 primarii
1065 1102 1163 1138 urbis
1181 1101 1352 1139 existunt3

448 1156 554 1193 sicuti
580 1153 677 1185 enim
710 1151 749 1183 in
776 1152 936 1184 exercitu
963 1159 1084 1183 omnes
1108 1147 1243 1182 milites
1281 1149 1349 1181 im-

447 1207 646 1242 peratorem
669 1193 838 1229 ducemve
855 1192 1077 1241 sequuntur3
1098 1190 1278 1240 qualisque
1291 1193 1350 1226 hic

446 1246 583 1283 fuerit,
607 1241 687 1276 talis
711 1241 885 1275 exercitus
900 1240 1112 1278 animatur,
1128 1238 1345 1285 (quanquam

444 1291 607 1339 plerique
626 1287 762 1321 milites
802 1284 910 1320 aversi
936 1283 1005 1319 smt
1025 1286 1149 1318 animo
1165 1285 1197 1327 3)
1221 1282 1347 1318 simili-

448 1347 503 1371 ter
529 1332 635 1369 habet
661 1344 712 1366 res
733 1333 771 1365 in
795 1331 882 1366 urbe
901 1340 1006 1376 atque
1034 1330 1167 1376 populo
1182 1353 1191 1362 .
1217 1327 1350 1373 Qualis

448 1379 614 1416 videlicet
638 1376 774 1412 fuerint
809 1375 969 1414 senatus,
997 1373 1350 1420 primariique‚talis

449 1425 598 1462 cuni-'lus
623 1423 772 1470 populus
796 1416 852 1456 est'
865 1420 1067 1459 habendus,
1091 1419 1149 1454 vel
1174 1419 1198 1454 fi
1218 1418 1351 1454 abillis

449 1471 566 1507 aversa
589 1468 698 1503 fuerit
733 1466 830 1512 plebs
852 1469 974 1511 ignara
1016 1475 1122 1510 atque
1157 1463 1350 1499 timidula.

446 1520 548 1553 Num
560 1515 689 1554 majora
703 1512 882 1558 polliceri,
892 1508 1059 1545 offerreve
1073 1511 1227 1545 Damoni
1243 1509 1350 1544 Phin-

450 1564 521 1597 tias
544 1556 709 1594 valuisset
736 1558 779 1590 iis
803 1579 816 1596 .,
845 1568 922 1603 quae
948 1568 1007 1602 po.
1030 1560 1191 1592 Romano
1215 1553 1349 1589 Nolani

449 1606 611 1641 obtulere
625 1625 635 1642 ‚
660 1606 689 1637 δι
711 1603 844 1638 milites
872 1610 1009 1647 paratos
1031 1615 1074 1637 ex
1088 1600 1240 1636 formula
1266 1595 1348 1636 esse,

452 1655 484 1688 &
504 1651 526 1686 si
547 1649 710 1696 pluribus
732 1659 818 1694 opus
844 1649 930 1682 esset
945 1670 956 1687 ‚
982 1648 1100 1696 plures
1125 1646 1267 1682 daturos
1281 1667 1293 1683 ‚
1318 1645 1349 1677 δε

449 1694 621 1743 quicquid
660 1693 753 1729 aliud
781 1693 1179 1739 imperaret‚velletque
1204 1704 1260 1738 po.
1282 1693 1350 1724 Ro-

451 1753 581 1779 manus
594 1763 605 1780 ‚
624 1743 726 1775 enixe
743 1737 892 1774 fafituros
906 1739 977 1773 rad
993 1726 1029 1775 id
1043 1738 1106 1773 fibi
1130 1749 1242 1785 neque
1268 1746 1348 1778 opes

448 1786 559 1822 deesse
587 1808 598 1825 ‚
633 1787 796 1820 animum
834 1787 943 1819 etiam
969 1781 1138 1831 superesse
1158 1783 1175 1817 ἓ
1200 1785 1347 1827 Privatae

451 1831 533 1868 verb
558 1830 777 1866 conditionis
803 1831 960 1865 hominis
984 1830 1069 1866 fides
1093 1851 1105 1869 2
1130 1832 1162 1863 δε
1186 1828 1349 1863 constan-

448 1882 502 1914 tia
527 1888 683 1924 quanam
702 1874 849 1911 inferior
870 1874 943 1910 fuit
966 1876 1029 1910 illa
1058 1878 1099 1910 L.
1115 1873 1261 1910 Bantii?
1284 1873 1347 1920 qui

449 1936 509 1970 po.
532 1927 690 1958 Romano
726 1933 770 1957 ne
804 1920 910 1956 fidem
936 1920 1084 1956 solveret
1102 1944 1115 1962 ‚
1154 1920 1348 1965 datumque

451 1973 572 2005 locum
595 1970 633 2002 in
654 1981 693 2003 ea
726 1979 844 2014 pugna
867 1989 880 2006 ·,
903 1978 979 2014 quae
1003 1966 1045 2001 ad
1070 1968 1212 2002 Cannas
1247 1976 1346 1999 com-

450 2012 555 2052 missa
581 2013 649 2053 est,
668 2015 866 2059 linqueret,
896 2014 1027 2048 maluit
1048 2013 1092 2049 ab
1106 2010 1259 2048 hostibus
1283 2008 1347 2044 ob*

451 2060 610 2094 truncari
638 2071 649 2098 3
672 2070 778 2101 quare
804 2058 1011 2093 vulneribus
1037 2070 1144 2107 prope
1165 2053 1346 2092 confossus

449 2108 545 2141 inter
571 2103 698 2139 occisos
725 2102 942 2139 semianimis
969 2107 1138 2140 inventus
1164 2100 1345 2138 est.1dem

452 2148 580 2185 deinde
606 2149 806 2186 recordatus
829 2151 958 2184 veteris
984 2151 1153 2186 amicitiae
1180 2151 1345 2184 Romanae

449 2204 619 2232 monente
640 2196 812 2230 Marcello
847 2193 930 2230 adeo
952 2205 1119 2231 caeterurn
1146 2191 1285 2241 egregie
1308 2189 1344 2225 se

448 2238 553 2286 geffit
577 2262 588 2278 2
621 2250 660 2275 ut
685 2253 789 2277 nemo
828 2239 1002 2276 sociorum
1039 2254 1113 2276 rem
1148 2244 1345 2276 Romanam

449 2288 605 2323 fortius,
633 2298 672 2320 ac
694 2285 833 2322 fidelius
851 2287 1005 2328 juverit:
1027 2288 1119 2322 testis
1143 2285 1187 2320 est
1215 2287 1260 2319 T.
1284 2285 1345 2318 Li-

447 2333 551 2367 vius.
593 2332 687 2366 Fidei
720 2332 863 2367 demum
889 2330 1060 2367 servandae
1084 2332 1233 2367 Nolanis
1266 2329 1350 2364 infi-

446 2387 532 2412 tum
564 2379 754 2421 ingenium
788 2377 895 2414 causae
921 2377 1142 2424 potiffimum
1172 2374 1242 2411 fuit
1265 2399 1276 2415 a
1306 2383 1346 2408 ut

445 2421 566 2473 saepius
591 2420 674 2456 urbs
697 2433 799 2469 capta
825 2433 1093 2472 expugnataque
1116 2422 1157 2457 sit
1182 2444 1194 2461 ‚
1235 2420 1344 2456 desci-

448 2475 542 2502 verit
566 2479 775 2513 nunquam.
801 2471 854 2504 Ita
867 2482 947 2516 ergo
962 2468 992 2504 se
1006 2469 1162 2507 habens,
1185 2469 1344 2513 primum

449 2511 472 2547 ἒι
496 2512 552 2545 Cl.
580 2515 725 2548 l-‘oetelio
749 2527 878 2562 magno
904 2527 986 2550 cum
1007 2516 1136 2550 damno
1159 2522 1262 2560 capta
1284 2512 1343 2552 est,

446 2567 554 2596 tum,
578 2569 688 2604 quum
713 2559 848 2595 bellum
871 2563 1107 2596 Samniticum
1128 2560 1258 2604 gestum
1284 2557 1343 2592 est.

448 2602 589 2638 Deinde
628 2603 720 2639 bello
759 2603 908 2645 sociali,
940 2618 1052 2653 quum
1077 2610 1118 2640 L.
1139 2602 1246 2639 Caesar
1273 2601 1341 2637 cos.

445 2648 539 2684 male
560 2648 720 2684 adversus
731 2653 904 2687 Samnites
927 2654 1125 2698 pugna-vim
1152 2660 1228 2686 tum
1243 2651 1341 2684 enim

447 2693 543 2728 Nola
560 2695 698 2730 colonia
724 2699 764 2732 in
786 2698 989 2742 potestatem
1011 2699 1227 2736 Samnitium
1255 2706 1338 2729 cum

446 2743 491 2775 L.
504 2739 701 2775 1⁴0ffhumio
727 2751 870 2789 praetore
908 2746 1009 2779 venit
1028 2765 1040 2781 ι,
1077 2745 1139 2789 qui
1169 2745 1339 2777 interem-

447 2793 535 2838 ptus.
552 2785 596 2819 est
611 2786 799 2824 ‚Tertium
821 2789 933 2824 Civili
956 2789 1073 2829 belin,
1100 2790 1138 2823 in
1161 2799 1232 2833 quo
1258 2787 1339 2820 Ma-

445 2841 556 2882 xla'nls
568 2832 725 2877 partibus
751 2832 875 2869 haefisse
889 2834 1059 2870 videntur
1080 2835 1236 2873 Nolani3
1260 2842 1338 2869 tum

445 2886 543 2928 eulm
566 2878 656 2923 sylla
676 2881 806 2914 Nolam
829 2877 847 2913 ’ἒι
872 2883 1014 2916 Samnio
1036 2882 1168 2926 recepit
1196 2901 1208 2918 ‚
1233 2880 1264 2912 Sc
1287 2879 1336 2913 le-

444 2931 567 2973 giones
603 2926 639 2956 in
665 2937 762 2971 agros
787 2936 906 2972 captos
942 2925 1115 2959 deducens
1139 2948 1151 2963 ‚
1183 2936 1239 2959 eos
1264 2924 1336 2960 illis

443 2967 587 3002 dlvsszt.
615 2971 752 3014 Qarto
769 2970 787 3006 ὲ
812 2973 947 3006 Mauris
973 2969 1212 3018 Vandalisque
1235 2982 1329 3005 anno

441 3011 515 3061 pos}
534 3015 730 3060 Augustum
746 3016 1057 3063 quatercentefimo
1071 3037 1081 3054 ‚
1102 3027 1140 3049 ac
1156 3017 1331 3062 quinqua-

443 3060 592 3100 gesimo,
614 3071 684 3106 quo
709 3070 863 3108 tempore
892 3060 1057 3098 Paulinus
1072 3062 1167 3096 Nolae
1191 3060 1332 3106 Episco-

445 3113 509 3148 pus
529 3115 602 3140 erat
621 3127 632 3143 ‚
657 3106 738 3140 urbs
762 3109 878 3141 omnis
904 3109 1041 3154 direpta
1067 3115 1171 3152 atque
1205 3106 1336 3142 vastata

441 3147 487 3181 est
507 3175 515 3182 .
542 3152 648 3185 Anno
673 3163 813 3199 quoque
844 3151 915 3188 fere
946 3151 1133 3188 millesimo
1165 3150 1334 3199 quadrin-

439 3193 628 3238 gentefimo
661 3197 731 3243 post
764 3201 856 3243 Aug.
885 3197 1006 3232 decem
1033 3202 1064 3233 δι
1091 3199 1168 3233 οὲὶο
1201 3196 1334 3232 menses

439 3238 655 3275 obsidionem
679 3244 856 3286 regiarum
882 3245 1064 3289 copiarum
1087 3244 1233 3290 pertulit
1258 3246 1333 3277 No-

438 3283 520 3319 lana
547 3286 709 3326 Civitas,
736 3300 777 3322 ne
802 3289 966 3323 Nicolam
983 3287 1148 3323 ursinum
1169 3289 1331 3332 regulum

437 3327 541 3364 suum
562 3331 742 3377 proderet.
769 3336 892 3367 Paucis
918 3336 1021 3367 annis
1047 3335 1118 3380 post
1142 3332 1230 3368 illud
1253 3332 1343 3368 faci-

436 3387 503 3411 nus
525 3379 709 3423 praeteritis
724 3401 735 3419 ,
751 3378 877 3414 Blalius
888 3378 1033 3426 quidam
1048 3400 1059 3419 ‚
1084 3382 1241 3426 quicum
1267 3388 1342 3414 tur-

1415 830 1656 877 confugissent
1681 834 1812 868 Nolam
1827 834 2023 880 Verginius
2038 856 2049 872 ‚
2070 840 2175 878 atque
2189 836 2318 870 Nicola

1413 878 1535 916 Ursmi
1559 889 1683 921 genere
1705 900 1717 918 ‚
1742 887 1848 925 atque
1875 876 2087 913 Ferdinandi
2103 879 2206 915 duces
2230 881 2317 916 illu-

1409 926 1512 961 stres:
1541 933 1697 969 quorum
1725 923 1851 958 Nicola
1874 935 1958 959 avus
1982 930 2064 957 tuus
2091 926 2188 961 Nolae
2215 937 2317 971 regu-

1408 972 1464 1005 lus
1489 979 1568 1004 tum
1596 978 1670 1004 erat
1696 981 1707 1003 =
1734 969 1907 1016 pauloque
1946 969 2017 1015 post
2040 971 2111 1005 huc
2137 970 2317 1006 adventas-

1406 1015 1482 1051 sent
1507 1024 1631 1050 turmae
1653 1015 1792 1062 aliquot
1817 1018 1982 1060 equitum
2008 1017 2198 1051 Gallorum
2220 1039 2232 1056 ‚
2252 1018 2318 1063 qui

1408 1063 1540 1108 recepti
1564 1057 1646 1094 sunt
1674 1058 1693 1093 ὲ
1717 1059 1868 1095 ducibus
1895 1058 1987 1096 hisce
2015 1064 2055 1096 in
2078 1062 2203 1097 urbem
2218 1085 2229 1101 ‚
2255 1074 2317 1108 po-

1408 1107 1565 1152 steraque.
1577 1104 1634 1140 die
1663 1104 1770 1140 duces
1796 1104 1861 1152 ipfi
1886 1103 1905 1139 ὲ
1928 1106 2047 1140 Gallis
2071 1111 2168 1154 capti
2187 1107 2317 1148 essent3

1408 1151 1613 1188 dicentibus
1636 1163 1692 1185 eos
1718 1152 1790 1192 jure
1817 1152 1904 1187 belli
1930 1155 2010 1200 capi
2033 1151 2156 1187 debere
2173 1174 2184 1189 ¹)
2209 1163 2316 1200 atque

1408 1197 1541 1233 idcirco
1561 1196 1770 1233 volentibus
1804 1198 1886 1232 illos
1923 1198 1967 1232 ab
1992 1197 2079 1232 urbe
2114 1197 2314 1238 abducere,

1412 1244 1543 1279 Nolani
1569 1243 1808 1283 obstiterunt3
1833 1244 2045 1289 postulantes
2074 1266 2086 1283 ‚
2112 1256 2157 1278 ne
2177 1245 2316 1289 regulos

1409 1286 1486 1322 suos
1507 1298 1605 1325 extra
1634 1287 1758 1324 urbem
1794 1289 2010 1324 abducerent
2028 1311 2040 1328 ‚
2065 1288 2244 1336 quousque
2270 1289 2316 1324 ab

1405 1345 1527 1370 eorum
1559 1339 1650 1382 Rege
1689 1333 1870 1370 decretum
1890 1333 1975 1369 esset
1999 1356 2011 1374 ‚
2036 1346 2082 1368 an
2107 1334 2214 1369 duces
2239 1338 2316 1377 iure

1406 1384 1501 1426 capti
1527 1380 1641 1417 essent
1670 1402 1682 1420 ‚
1701 1391 1767 1414 nec
1792 1394 1836 1416 ne
1861 1393 1874 1421 3
1903 1380 1944 1414 de
1960 1380 2029 1414 hoc
2049 1381 2148 1415 enim
2169 1379 2243 1427 ipso
2271 1381 2315 1416 lis

1407 1429 1662 1473 contentioque
1684 1434 1786 1466 erat3
1812 1425 1944 1474 quibus
1972 1426 2100 1465 Galli,
2125 1435 2165 1461 ut
2189 1438 2314 1463 eorum

1405 1472 1569 1506 animum
1584 1494 1596 1511 ‚
1621 1471 1735 1518 qualis
1762 1470 1848 1507 esset
1865 1493 1877 1510 ‚
1902 1472 2154 1517 explorarent,
2179 1470 2314 1506 dixere:

1405 1526 1451 1548 an
1474 1517 1561 1551 dum
1581 1517 1618 1552 id
1645 1515 1664 1551 ‘21
1691 1520 1782 1562 Rege
1805 1516 2003 1559 judicatum
2024 1514 2092 1555 fit,
2112 1528 2174 1551 vos
2201 1516 2313 1552 solve-

1406 1572 1443 1595 re
1467 1564 1588 1598 velitis
1610 1561 1791 1599 militibus
1817 1561 1941 1596 nostris
1966 1561 2104 1595 cuneus
2129 1561 2313 1607 expensas?

1404 1618 1560 1655 namque
1579 1608 1604 1644 fi
1623 1610 1764 1644 velletis
1780 1630 1792 1646 ‚
1817 1620 1881 1642 nos
1907 1617 1963 1640 eos
1990 1605 2080 1641 forte
2105 1619 2177 1645 non
2201 1607 2312 1641 abdu-

1405 1656 1562 1688 xerimus
1589 1680 1598 1689 .
1626 1655 1758 1690 Nolani
1783 1651 1814 1688 se
1832 1652 1869 1687 id
1890 1674 1902 1692 ‚
1939 1650 2032 1699 quod
2059 1650 2314 1698 proposuerant

1405 1700 1528 1738 Galli,
1552 1697 1704 1735 faSluros
1730 1702 1852 1735 animo
1874 1710 1933 1744 per
1948 1708 2057 1744 quam
2080 1698 2236 1736 libenti,
2260 1711 2312 1733 re-

1416 1743 1631 1790 sponderunt
1653 1758 1665 1785 ς
1707 1755 1742 1780 at
1765 1743 1848 1780 verb
1872 1744 1971 1778 Galli
1997 1751 2196 1779 metuentes
2230 1741 2311 1782 fibi,

1412 1791 1519 1825 duces
1544 1804 1600 1826 eos
1622 1791 1666 1826 ab
1686 1790 1773 1826 urbe
1797 1792 1886 1825 Nola
1909 1788 2107 1830 abduxere,
2133 1792 2312 1827 minitan-

1404 1836 1449 1871 do
1472 1838 1644 1877 Nolanis,
1669 1836 1761 1884 quod
1773 1845 1915 1872 tantum
1937 1846 1999 1880 pro
2011 1836 2062 1868 eis
2086 1837 2219 1871 reoulis
2248 1835 2309 1869 ad·-

1403 1882 1549 1918 versum
1572 1884 1695 1918 Gallos
1720 1883 1910 1917 auderent.
1932 1883 2048 1915 Duces
2073 1866 2156 1918 vesb
2177 1892 2308 1927 paucos

1404 1928 1477 1974 post
1500 1928 1573 1962 dies
1595 1927 1698 1963 soluti
1729 1926 1883 1962 evasere.
1909 1927 2098 1970 Qantum
2120 1937 2241 1964 ament
2262 1925 2307 1961 fi-

1401 1975 1483 2009 dem
1507 1975 1636 2009 Nolani
1655 1975 1840 2011 homines,
1866 1971 2004 2006 indicat
2029 1984 2168 2020 quoque
2182 1972 2309 2007 odium

1402 2019 1580 2055 summum
1604 2029 1708 2066 atque
1733 2021 1940 2053 convicium
1964 2021 2129 2054 omnium
2160 2021 2200 2053 in
2221 2030 2277 2051 eos
2293 2039 2306 2056 ‚

1402 2067 1465 2111 qui
1489 2064 1621 2111 fregiffe
1653 2064 1760 2100 fidem
1795 2063 2065 2107 comperiuntur
2092 2078 2104 2104 3
2130 2064 2304 2111 liquidem

1401 2109 1464 2144 ubi
1492 2110 1678 2158 quisquam
1701 2122 1773 2144 non
1788 2107 1926 2144 servasse
1946 2105 2051 2142 fidem
2089 2109 2302 2146 infamatur,

1403 2155 1518 2191 statim
1544 2166 1701 2202 tempore
1737 2153 1755 2189 Ξι
1781 2156 1919 2190 cuneus
1944 2156 2103 2188 maximo
2126 2154 2207 2188 odio
2244 2154 2307 2187 ha-

1401 2199 1503 2236 betur
1524 2224 1535 2241 ‚
1560 2201 1746 2246 digitoque
1771 2201 1982 2234 monstratur
2009 2221 2020 2236 ‚
2054 2209 2158 2247 atque
2196 2200 2303 2233 illum

1359 2252 1577 2294 Etanquam
1600 2246 1787 2300 scopulum
1811 2244 1957 2297 quisque
1984 2246 2104 2284 vitat,
2129 2256 2167 2279 ac
2195 2245 2304 2289 fugit.

1406 2294 1598 2338 Quumque
1622 2290 1711 2325 forte
1731 2303 1813 2325 cum
1828 2286 1997 2331 ejusmodi
2023 2289 2104 2324 fidei
2120 2299 2305 2336 corrupto-

1405 2349 1440 2372 re
1455 2340 1575 2385 aliquo
1593 2338 1701 2372 rixari
1714 2337 1894 2374 acciderit,
1911 2344 1988 2368 tum
2004 2338 2124 2381 populi
2142 2337 2306 2370 convicio

1404 2383 1616 2429 proditionis
1631 2391 1802 2428 tanquam
1816 2382 2122 2417 vehementiffimo
2136 2382 2206 2415 istu
2219 2392 2302 2414 eum

1401 2429 1580 2475 extemplo
1616 2430 1784 2464 laceffunt
1805 2444 1814 2462 2
1839 2426 1893 2461 Ad
1917 2427 1986 2461 haec
2024 2439 2094 2461 non
2120 2425 2223 2460 facile
2260 2427 2300 2458 in

1400 2477 1478 2510 aliis
1517 2477 1602 2510 locis
1641 2481 1694 2508 tot
1721 2476 1817 2520 paria
1852 2473 2048 2507 amicorum
2078 2469 2265 2507 offenderis
2287 2491 2299 2508 ,

1400 2530 1487 2567 quot
1513 2521 1604 2554 Nola
1629 2516 1759 2565 semper
1784 2517 1915 2552 scatens
1940 2519 2102 2563 producit
2125 2539 2137 2556 ‚
2163 2519 2195 2550 Sc
2217 2517 2297 2550 alit.

1400 2569 1523 2614 Neque
1556 2577 1640 2599 cum
1661 2564 1802 2599 civibus
1840 2563 1988 2597 Nolanis
2024 2563 2102 2597 solis
2137 2563 2301 2597 amicitia

1398 2609 1652 2658 percrebescit5
1676 2609 1923 2644 verumetiam
1945 2619 2029 2644 curn
2053 2611 2207 2643 externis
2222 2607 2303 2653 plu·-

1399 2660 1532 2692 timum
1557 2655 1641 2690 solet
1663 2653 1855 2690 coalescere
1873 2677 1882 2687 .
1898 2653 2002 2700 Qod
2030 2667 2101 2690 non
2127 2652 2182 2699 spe
2208 2653 2300 2688 lucri

1396 2703 1539 2750 quidem
1556 2702 1686 2736 Nolani
1706 2713 1805 2746 agere
1819 2698 1964 2746 usquam
1993 2698 2076 2735 sunt
2098 2700 2269 2743 comperti
2286 2722 2299 2739 ‚

1349 2750 1508 2801 Fveluti
1544 2747 1801 2792 quamplurimi
1839 2743 2000 2792 idipsum
2032 2745 2076 2779 de
2100 2742 2298 2784 industria,

1395 2798 1426 2829 δε
1439 2805 1512 2829 arte
1535 2793 1685 2839 quadam
1708 2790 1911 2827 faStitavere
1926 2813 1937 2830 ‚
1964 2791 2018 2826 sed
2034 2790 2113 2826 idea
2127 2811 2139 2828 ‚
2164 2790 2195 2822 Sc
2207 2792 2295 2824 ami-

1393 2843 1478 2875 citia
1502 2841 1573 2886 ipsa
1593 2837 1664 2872 sola
1688 2838 1893 2884 gaudentes·

1394 2942 1502 2985 DE
1569 2938 1964 2984 sTunrrs
2022 2936 2297 2981 NOLA-

1683 2995 2026 3048 Nonum

1637 3103 1667 3137 C
1717 3104 1748 3136 A
1802 3104 1844 3135 P.
1935 3099 2036 3134 XV.

1390 3200 1440 3302 I
1469 3197 1504 3230 N
1546 3196 1645 3229 omni
1693 3190 1782 3227 reue
1821 3191 2012 3226 constituta
2052 3198 2158 3235 atque
2201 3186 2296 3222 ordi·

1486 3252 1528 3274 ne
1555 3239 1700 3274 fundata
1750 3236 1941 3283 Republica
1968 3238 2128 3283 quinque
2165 3232 2296 3268 studio-

1478 3297 1558 3321 rum
1586 3296 1713 3331 genera
1746 3282 1877 3327 semper
1904 3278 2135 3317 antecelluilse
2160 3301 2172 3317 ‚
2197 3290 2296 3312 com-

1395 3341 1536 3379 pertum
1574 3331 1618 3365 est
1647 3355 1657 3364 .
1689 3331 1909 3365 Divinorum
1945 3328 2081 3361 cultum
2108 3345 2120 3362 ³
2145 3321 2297 3369 philoso-

1395 3378 1516 3425 phiam
1531 3399 1544 3417 ,
1568 3385 1680 3412 artem
1703 3376 1922 3412 militarem,
1938 3373 2190 3419 agriculturam
2205 3390 2216 3407 ι
2241 3376 2294 3401 at-

2182 3424 2250 3469 que
