2404 3882
519 244 606 288 '323'

853 233 1426 281 GAR.13ARR11
1484 235 1932 280 FRANCIC.

2176 252 2262 291 324

469 327 709 373 Destillansque
722 325 843 366 rebeus,
853 329 1003 369 prohibet
1015 329 1083 364 tibi
1096 330 1218 363 limina
1229 329 1361 371 templi,
1372 329 1406 367 A
1425 337 1541 364 autem
1556 333 1725 376 Sycionem
1747 352 1759 369 ,
1783 332 1835 365 ait
1859 328 1979 364 Suidas
2003 333 2018 367 ὁ
2049 332 2183 378 propria
2207 336 2290 367 navi
2299 358 2313 375 ,

471 378 548 413 Non
574 373 639 407 tibi
638 373 726 416 sata
737 381 860 407 canam
871 396 884 414 ‚
910 387 1037 421 magnae
1058 378 1189 410 Iunonis
1198 375 1243 409 ad
1254 386 1365 408 aram.

470 423 547 458 Non
559 417 771 452 immortales
786 417 842 451 hoc
852 420 903 454 clii
913 424 1090 465 patientur
1111 419 1277 454 inultum.

470 472 510 503 Si
525 466 601 515 quis
615 465 705 499 enim
715 463 1033 509 prudens,si‘elerata
1045 468 1058 496 ὲ
1070 473 1179 497 mente
1185 465 1368 510 profestum

469 508 1049 554 Committatfacinus‚gravis.hunc
1057 518 1152 554 prope
1157 518 1249 555 patna
1251 514 1369 554 seque-

473 563 550 597 Non
565 553 835 598 exorabitmeque
842 554 874 597 si
876 567 978 598 genus
992 555 1032 588 ab
1042 552 1250 596 Iovesuinmo
1280 557 1368 599 (tur,

470 608 617 642 Ducunt
632 620 644 638 ‚
655 600 720 642 ipse
728 597 790 641 suo
803 598 884 632 collo
898 599 1085 646 ‚icollesque
1098 608 1254 644 nepotum

469 654 545 691 1-100
561 646 646 684 luet,
659 644 701 682 ὸ*
710 647 823 687 generi
835 645 1042 679 cumulatim
1054 643 1140 678 dona
1144 645 1321 689 ferentur.

470 741 702 790 'Aphricanus
741 737 780 769 in
810 733 902 770 libro
935 735 977 770 de
1009 747 1045 771 re
1070 736 1221 772 militari
1244 736 1286 771 de
1309 738 1369 784 Sy-

469 789 669 826 baritarum
692 780 863 815 felicitate
882 802 894 819 ‚
915 781 1001 814 luxu
1016 803 1029 820 ‚
1054 783 1084 814 δε
1109 783 1211 816 ruina
1235 785 1367 827 inquit:

1423 386 1499 423 quoe
1522 378 1774 422 quinquaginta
1797 379 1934 420 remiges
1963 374 2101 411 babebat
2119 388 2228 410 omnes
2239 379 2317 423 sitos

1417 423 1544 467 sirvos.
1580 423 1699 456 Duxit
1721 422 1827 456 etiam
1848 424 2014 465 ingentem
2038 430 2207 465 aucupum
2229 445 2240 462 ‚
2265 435 2320 457 co-

1424 478 1569 514 quorum
1593 488 1605 505 ,
1630 467 1673 503 ds*
1694 465 1905 512 piscatorum
1929 474 2109 501 catervam
2136 489 2147 505 ‚
2173 471 2229 515 qui
2257 481 2320 502 non

1424 512 1520 546 modo
1555 522 1691 546 caeteros
1726 522 1837 545 omnes
1862 534 1873 550 ‚
1900 511 1962 554 secl
1999 516 2106 547 etiam
2132 512 2318 557 Clisthenem

1423 558 1531 605 ipsum
1563 557 1696 592 deliciis
1730 556 1773 592 &⁶
1799 556 1885 590 luxu
1903 558 2111 603 superabant
2133 581 2144 591 .
2178 561 2253 594 Fuit
2278 558 2322 595 &-

1423 618 1464 639 ex
1490 603 1567 637 urbe
1591 601 1712 646 Sybari
1734 601 1930 643 Alcisthenes
1955 605 2153 647 plumarius
2183 603 2320 645 nobilis*-

1418 650 1526 695 fimus
1548 671 1559 688 ‚
1585 651 1646 689 qui
1673 644 1963 688 celebrattffi'mam
1984 649 2103 691 vestem
2130 657 2220 695 opere
2244 651 2323 694 plu-

1424 695 1533 730 mario
1560 691 1727 739 ReipSyb.
1750 690 1935 725 elaboravit
1957 714 1969 731 ‚
2004 702 2106 738 atque
2129 697 2323 727 contexuit.

1426 745 1504 787 Qae
1528 740 1689 782 utrinque
1714 737 1850 771 deorum
1876 758 1888 775 ‚
1918 740 2158 783 variorumque
2190 740 2324 771 anima*-

1426 792 1512 824 lium
1539 781 1753 830 spirantibus
1775 780 1907 822 formis
1942 792 2006 816 acu
2039 783 2137 831 pictis
2157 785 2243 817 mire
2267 783 2324 817 di-

468 831 634 882 Sybaritae
658 839 692 860 eo
732 825 935 861 deliciarum
969 826 1127 861 devenere
1149 848 1161 865 ‚
1197 837 1237 862 ut
1269 839 1367 874 equos
1379 830 1411 871 Β
1418 829 1535 878 βίπὲἶα
1557 838 1657 868 crat,
1679 831 1781 864 colore
1804 835 1980 873 pterpureo.
2005 831 2089 863 Erat
2112 833 2177 864 haec
2200 829 2293 872 vestis
2309 850 2323 867 ‚

469 884 510 915 fn
546 875 709 909 convivia
743 872 1000 906 introducerent
1047 875 1102 905 ita
1147 874 1318 912 institutos
1356 894 1367 912 s

469 931 514 959 at
551 918 669 953 audito
703 916 797 950 tibia
833 926 941 952 cantu
966 916 1090 959 statim
1115 919 1149 962 se
1174 917 1369 953 attollerent

467 964 613 1003 arreetos
639 985 652 1003 ‚
678 963 721 999 ὢ·
743 961 884 1009 pedibus
908 962 985 1008 ipsis
1006 963 1175 1009 prioribus
1197 968 1271 1000 vice
1295 975 1370 998 ma-

467 1022 580 1049 ranum
613 1007 715 1056 gestus
750 1007 911 1051 quosdam
946 1007 1156 1045 chitonomiae
1196 1011 1373 1057 motusque

469 1059 609 1094 ederent
645 1053 691 1088 ad
722 1063 905 1087 numerum
928 1053 1128 1098 saltatorios
1153 1081 1162 1089 .
1202 1054 1266 1089 Sed
1291 1065 1371 1088 cum

467 1102 615 1141 tibicem
648 1099 816 1147 quispiam
842 1103 1050 1137 contumelia
1063 1099 1184 1147 fuisset
1215 1099 1372 1144 αθῖεὲἳιις,

470 1146 668 1193 transfugit
692 1144 738 1179 ad
759 1146 972 1178 Crotoniatas
1009 1144 1103 1188 hostes
1125 1168 1137 1185 ‚
1170 1141 1271 1194 patilo
1293 1154 1372 1179 ante

466 1192 588 1242 ‘praelio
612 1203 631 1225 a
656 1190 827 1238 Sybaritis
851 1191 1026 1235 superatos
1044 1210 1056 1229 ‚
1092 1191 1135 1227 ὠ·
1160 1192 1248 1240 quod
1270 1196 1283 1226 ἒ
1308 1199 1375 1236 rep.

466 1241 564 1287 foret
597 1236 736 1271 illorum
768 1233 946 1277 pollicetur
971 1257 983 1275 ‚
1013 1235 1043 1280 fi
1073 1237 1179 1281 fidem
1205 1239 1298 1273 modo
1320 1235 1378 1271 ha-

470 1287 575 1322 beant
601 1305 613 1322 ,
639 1281 701 1326 sua
736 1291 830 1329 opera
853 1281 1100 1327 Sybaritarum
1124 1282 1318 1318 caustorum
1343 1293 1376 1314 e-

1425 881 1475 913 ait
1497 875 1740 911 Ioan.Tzetzes
1755 895 1766 911 ,
1780 875 1981 919 margaritis
2002 882 2045 910 &-
2058 873 2227 923 lapidibus
2250 882 2327 919 pre..

1426 921 1516 963 ciosz's
1538 929 1671 954 ornata.
1697 920 1770 951 Una
1793 919 1929 952 manica
1948 917 2084 953 habebat
2101 916 2324 962 Alcistbenem

1427 967 1537 1015 ipsum
1551 988 1562 1005 ‚
1588 965 1698 999 altera
1725 963 1883 1011 Sybarim
1904 967 2058 1009 patriam
2071 965 2187 1008 suam.
2209 964 2326 998 Vendi-

1432 1023 1470 1049 ta
1489 1012 1561 1056 fuit
1583 1019 1720 1045 centum
1740 1011 1867 1054 viginti
1890 1008 2032 1044 talentis
2056 1032 2068 1049 ‚
2101 1010 2169 1044 hoc
2192 1007 2238 1042 est
2261 1021 2327 1042 au-

1429 1069 1568 1095 reorum
1591 1065 1821 1091 nummorum
1859 1053 2079 1100 septuaginta
2102 1053 2173 1088 duo
2197 1054 2328 1089 millias

1429 1106 1546 1148 Quam
1568 1101 1767 1137 Aristoteles
1790 1102 1883 1135 inter
1910 1100 2090 1134 mirabilia
2115 1101 2216 1145 ponit
2243 1121 2254 1138 ,
2280 1103 2331 1134 ait

1432 1152 1509 1185 n.in
1535 1148 1641 1183 lib.de
1667 1144 1891 1180 mirabilibus
1917 1169 1927 1178 .
1963 1144 2142 1189 alcistheni
2166 1143 2332 1188 Sybarim

1431 1195 1551 1240 vestem
1580 1192 1730 1228 tradunt
1753 1212 1765 1228 ,
1805 1199 1908 1224 tanta
1942 1192 2192 1235 magnificentia
2221 1190 2334 1234 confe-

1432 1241 1519 1275 eiam
1542 1240 1596 1286 este
1619 1261 1631 1279 ‚
1665 1246 1705 1270 ut
1733 1247 1812 1269 cum
1835 1238 1870 1269 in
1894 1237 2044 1270 Lacinia}
2068 1239 2201 1270 Iunonis
2232 1245 2332 1279 pane·

1430 1288 1508 1334 gyri
1519 1306 1530 1324 ‚
1560 1285 1604 1319 ad
1618 1294 1722 1332 quam
1745 1289 1819 1314 tota
1835 1281 1996 1325 confluere
2010 1282 2097 1325 solet
2117 1281 2218 1316 Italia
2231 1302 2241 1319 ,
2253 1290 2329 1328 pro-

469 1333 589 1378 quites
612 1330 648 1362 in
676 1327 824 1375 ipsorum
847 1335 1009 1361 venturos
1029 1328 1231 1371 potestatem.
1268 1327 1418 1374 Credi-C
1431 1327 1796 1376 posuissetspeffiandam
1810 1350 1822 1367 ‚
1845 1329 1997 1361 omnium
2015 1327 2123 1361 oculos
2145 1338 2166 1360 a
2190 1326 2335 1372 reliquis

471 1385 518 1413 za
545 1383 597 1408 res
622 1373 664 1417 est
687 1395 699 1413 ‚
738 1373 781 1409 &-
805 1371 884 1409 belli
907 1371 980 1406 dax
1007 1382 1141 1406 creatus
1165 1385 1185 1407 a
1208 1376 1377 1409 Crotonia-

469 1424 522 1458 tis
542 1418 666 1454 tibicen
690 1440 702 1458 ‚
726 1425 885 1453 convocat
910 1428 1021 1460 omnes
1043 1427 1212 1464 quotquot
1229 1420 1378 1464 eiusdem

469 1468 592 1513 forent
626 1467 663 1499 in
699 1463 779 1498 urbe
803 1463 949 1504 artificii
972 1484 984 1501 ‚
1018 1464 1377 1507 modulamentumque

471 1515 520 1546 iis
546 1507 692 1543 indicat.
717 1509 833 1551 Atque
851 1516 890 1540 ut
915 1508 1026 1550 visum
1048 1516 1181 1554 tempus
1203 1511 1376 1553 procedere

473 1559 514 1592 in
539 1553 654 1597 hostem
676 1553 769 1589 iubet
792 1578 801 1586 .
837 1551 1008 1600 Sybaritas
1031 1552 1120 1598 fabii
1149 1555 1377 1601 praeturgieli‚

470 1608 472 1611 ·
503 1599 567 1634 uod
589 1601 749 1646 equitatu
763 1597 993 1643 superabant,
1013 1607 1095 1633 eunt
1117 1609 1240 1635 contra
1255 1624 1267 1640 ‚
1289 1611 1377 1647 prae-

471 1615 629 1689 Jiurnque
657 1645 835 1688 conserunt
861 1667 871 1677 .
909 1645 975 1677 Hic
1001 1653 1119 1678 autern
1140 1654 1273 1690 repente
1298 1646 1378 1680 clato

464 1694 555 1740 figno
581 1689 736 1724 tibicines
760 1688 909 1732 universi
935 1689 1138 1736 conspirant.
1165 1693 1245 1728 Ecce
1271 1692 1381 1736 confe-

468 1739 551 1784 stim
579 1734 807 1769 modulamine
846 1737 956 1779 agnito
977 1756 988 1772 ,
1027 1744 1200 1781 cantuque
1221 1737 1280 1774 illo
1304 1749 1380 1773 ver-

472 1780 594 1819 naculo
620 1780 747 1816 tollunt
781 1782 979 1826 eriguntque
997 1779 1104 1823 semet
1125 1783 1160 1815 in
1188 1783 1283 1827 pedes
1304 1783 1381 1828 equi

1433 1380 1468 1411 in
1481 1377 1517 1420 se
1542 1374 1753 1410 converterit.
1796 1375 1892 1408 Hanc
1916 1375 2015 1407 aiunt
2041 1384 2060 1406 a
2086 1372 2335 1418 Carthaginien-

1429 1421 1518 1467 fibus
1543 1427 1693 1466 emptam
1722 1430 1741 1452 a
1761 1419 1912 1464 Dionyfio
1930 1419 2056 1463 seniore
2076 1427 2155 1452 tum
2176 1425 2334 1463 regnante

1435 1468 1532 1502 CXX.
1555 1467 1763 1500 talentorum
1784 1466 1890 1508 precio
1917 1486 1929 1498 .
1963 1465 2135 1509 Purpurea
2160 1471 2234 1496 erat
2258 1471 2334 1497 tota

1433 1511 1657 1559 amplitudine
1679 1510 1748 1543 XV.
1772 1508 1964 1544 cubitorum
1989 1530 2001 1548 ‚
2037 1507 2257 1542 animalculis
2281 1511 2335 1541 in-

1435 1558 1598 1593 tertextis
1617 1554 1771 1598 distinta.
1806 1556 1948 1595 Superne
1972 1554 2112 1600 quidem
2131 1552 2219 1598 fitfis
2245 1575 2256 1592 ‚
2283 1556 2337 1587 in-

1427 1605 1525 1650 ferne
1549 1612 1626 1636 vero
1650 1599 1768 1644 persis,
1795 1601 1829 1633 in
1853 1600 1965 1635 medio
1990 1611 2021 1633 a.
2049 1602 2218 1645 Iuppiter,
2244 1603 2338 1637 Iuno.

1437 1648 1571 1683 Themis
1595 1669 1606 1686 ‚
1631 1646 1789 1680 Minerva
1815 1667 1826 1683 ‚
1848 1645 1965 1693 Apollo
1990 1667 2002 1684 ‚
2024 1647 2127 1679 Venus
2147 1644 2335 1680 elucebant.

1435 1694 1493 1730 Ad
1517 1696 1627 1731 latera
1650 1689 1846 1734 Alczsthenes
1871 1713 1882 1730 ‚
1908 1694 2069 1737 utrinque
2096 1699 2212 1724 autem
2236 1690 2337 1739 Syba-

1437 1743 1511 1776 ris.
1549 1738 1719 1774 Meminit
1745 1739 1776 1770 δε
1801 1736 1902 1771 vestis
1924 1736 2029 1771 huius
2054 1737 2217 1770 Polemon
2244 1736 2336 1783 apud.

1440 1786 1650 1822 Athenaeum
1687 1782 1778 1816 libro
1810 1793 1861 1816 12.
1903 1783 1981 1816 Fuit
2009 1784 2040 1816 Sc
2064 1780 2198 1815 Thurus
2229 1781 2337 1828 Syba-

474 1827 644 1874 Sybaritae
673 1824 843 1878 sesto-ribus
871 1825 1008 1868 excuffis
1030 1848 1042 1866 2
1081 1826 1124 1863 ὠ*
1156 1829 1246 1873 quod
1269 1833 1425 1875 tripu-D
1439 1834 1506 1868 rita
1530 1829 1728 1866 fabularum
1751 1828 1869 1862 annor
1892 1849 1904 1865 ‚
1929 1829 2031 1861 cuius
2054 1829 2222 1861 meminit
2245 1828 2340 1862 The-

469 1875 577 1911 ·dium
598 1872 692 1906 domi
716 1869 911 1905 didicerant
931 1892 944 1910 ‚
968 1875 1077 1907 etiam
1101 1875 1137 1906 in
1160 1876 1229 1908 acie
1244 1874 1381 1909 exhibe·
1437 1889 1484 1912 on
1513 1875 1672 1923 sophista.
1700 1876 1778 1907 Fuit
1800 1875 1829 1906 δε
1854 1871 2052 1907 Hemitheon
2072 1871 2228 1918 Sybarita
2254 1883 2336 1915 poe-

472 1919 572 1955 bant.
610 1919 663 1951 Ita
689 1917 782 1962 capti
808 1927 918 1950 omnes
940 1920 1070 1957 equites
1094 1917 1190 1953 humi
1211 1923 1377 1960 iacentes,

471 1966 520 2002 ἐς·
547 1974 657 1997 omnes
681 1963 759 2008 equi
791 1960 947 2007 tripudia
983 1966 1253 2012 repraesentantes
1278 1989 1288 2001 .
1330 1968 1377 2000 Et

472 2010 617 2046 Plinius
639 2007 732 2042 libro
746 2005 780 2041 8.
812 2009 986 2049 Equorum
1010 2009 1170 2045 docilitas
1195 2019 1299 2046 tanta
1322 2010 1376 2056 est,

468 2058 519 2092 *git
552 2053 727 2095 universus
763 2052 960 2091 Sybaritani
992 2058 1166 2089 exercitus
1199 2059 1378 2101 equitatus

473 2101 524 2135 ad
549 2097 748 2146 symphonice
772 2106 915 2131 cantum
928 2098 1114 2143 saltatione
1136 2103 1285 2141 quadam
1310 2113 1381 2135 mo-

474 2148 552 2180 veri
587 2144 710 2188 solitus
743 2145 941 2178 inveniatur
967 2169 977 2180 .
1017 2145 1222 2182 Theocritus
1248 2146 1377 2194 Idyllio

475 2192 610 2238 quinto
641 2187 701 2222 sub
739 2189 854 2233 AEpuli
876 2190 908 2222 ὃ(
935 2191 1143 2226 Pomilionis
1167 2191 1310 2238 persona
1338 2194 1376 2226 in

474 2237 689 2282 bybaritano
715 2245 795 2279 agro
820 2246 1011 2280 cyperum,
1032 2237 1272 2283 cynosbaton,
1296 2249 1380 2272 ane-

473 2292 581 2318 mone
606 2301 618 2318 ,
654 2277 828 2325 cytiiisum
856 2301 867 2317 ‚
908 2281 1048 2326 aegilum
1086 2283 1118 2315 &
1142 2282 1236 2329 fraga
1257 2281 1377 2321 nasci,

473 2331 567 2362 item
592 2326 720 2370 optimi
760 2325 877 2359 mellis
906 2328 936 2359 ὃ(
964 2325 1079 2361 dulcis
1103 2328 1169 2362 olei
1197 2351 1209 2368 -,
1247 2331 1277 2364 δε
1298 2329 1375 2363 vini

473 2373 617 2417 copiam
644 2369 718 2405 fieri
750 2366 882 2404 scribit.
908 2371 1044 2406 Laudat
1082 2373 1228 2409 mollem
1248 2375 1379 2409 lanam.

474 2416 684 2452 obtulerunt
711 2414 876 2462 Sybaritae
891 2437 903 2453 ‚
925 2418 974 2450 ait
997 2416 1177 2453 Pausanias
1202 2422 1240 2454 in
1263 2419 1377 2457 Eliac.

472 2464 546 2501 Iovi
574 2460 745 2506 Olympico
765 2461 958 2502 thesaurum
986 2483 998 2500 ‚
1037 2474 1138 2507 quem
1169 2467 1273 2499 iuxta
1309 2462 1378 2497 the-

468 2511 617 2553 saurum
650 2505 931 2548 Epidamniorum
954 2506 1190 2544 collocarunt.
1231 2513 1285 2546 Ex
1311 2510 1377 2543 hac

476 2551 565 2587 urbe
595 2553 687 2585 inter
710 2559 848 2584 caeteros
876 2553 1062 2596 opulentos
1082 2575 1095 2593 ,
1120 2552 1192 2590 fuit
1214 2554 1376 2601 Smynali-

475 2597 568 2633 rides
597 2596 698 2640 longe
724 2594 915 2630 ditiffimus
939 2622 947 2632 .
987 2600 1039 2633 De
1077 2610 1148 2643 quo
1175 2601 1377 2636 Herodotus

480 2642 579 2678 libro
611 2639 705 2675 sexto
745 2643 792 2674 ita
827 2638 948 2676 scribit
981 2655 991 2677 ι
1030 2643 1194 2689 Clisthenes
1228 2645 1379 2692 Sycionis

476 2698 648 2735 tyrannus
674 2685 862 2732 Agarrstam
877 2687 993 2731 filiam
1030 2692 1159 2737 nuptui
1182 2689 1263 2724 dare
1284 2689 1380 2734 desti-

473 2731 582 2768 nabat
604 2733 634 2765 ei
659 2753 670 2771 ‚
708 2743 808 2777 quem
839 2732 1149 2778 praestantiffimum
1181 2738 1378 2770 Graecorum

477 2782 635 2811 omnium
660 2774 862 2823 comperiffet
887 2791 898 2818 5
936 2783 1015 2813 Cum
1038 2781 1147 2825 igitur
1173 2780 1248 2816 ludi
1274 2785 1310 2816 in
1335 2781 1380 2812 0-

473 2825 603 2871 ]Jmpia
620 2822 870 2856 celebrarentur
882 2845 894 2862 2
907 2823 950 2860 ὠ·
962 2837 1003 2859 ox
1016 2828 1062 2859 eis
1086 2825 1254 2870 Clisthenes
1268 2826 1380 2861 curri-

474 2868 550 2904 culo
576 2867 767 2913 quadrigali
800 2866 902 2902 thor
918 2870 1104 2916 extitiſjet,
1130 2873 1292 2906 nunciare·
1313 2870 1381 2913 ius-

471 2914 521 2959 fit
542 2925 619 2947 voce
643 2913 805 2959 praeconis
820 2935 831 2951 ‚
856 2922 897 2947 ut
911 2914 941 2957 fi
962 2918 1040 2959 quis
1053 2919 1089 2960 Je
1112 2916 1251 2960 dignum
1273 2925 1380 2964 puta-

477 2966 535 2993 ret
561 2980 573 2996 ‚
597 2961 657 3005 qui
679 2956 844 3001 Clisthenis
862 2971 959 3004 gener
978 2959 1050 3006 effet
1075 2983 1086 2999 ,
1112 2963 1140 2995 is
1163 2962 1206 2997 ad
1221 2959 1381 3008 sexagesi-

474 3015 574 3038 mum
599 3005 692 3039 diem
717 3026 728 3041 ‚
767 3011 831 3036 aut
866 3008 965 3052 prius
990 3008 1128 3049 Socione
1144 3008 1256 3054 praesto
1267 3008 1379 3052 foret3

474 3050 634 3091 quoniam
657 3048 822 3092 Clisthenes
848 3052 945 3084 intra
981 3047 1108 3086 annum
1132 3065 1152 3086 a
1173 3052 1375 3097 sexaoefima

476 3093 529 3128 die
555 3097 774 3135 incepturum
799 3099 920 3140 exequi
944 3099 1084 3142 nuptias
1104 3088 1375 3141 destz'naba'tJta-

476 3149 540 3218 que
567 3150 677 3171 ornnes
701 3140 811 3173 Graeci
834 3148 895 3173 aut
913 3140 977 3183 sua
1002 3142 1148 3187 ipsorum
1181 3152 1245 3176 aut
1262 3143 1376 3189 fami-

492 3188 529 3217 iae
565 3184 725 3216 claritate
756 3184 819 3228 fibi
856 3187 1053 3230 corfidentes
1088 3190 1257 3234 Sycionem
1284 3188 1376 3235 proci

477 3228 721 3264 contenderunt
747 3254 756 3262 .
792 3229 918 3269 Quibus
953 3230 1119 3273 Clisthenes
1153 3232 1196 3270 ὠ·
1220 3237 1377 3268 curricu-

474 3278 548 3311 lum
584 3272 626 3309 ὠ·
650 3273 841 3318 ριτῘαςΙΙΜΜ
864 3275 909 3308 ad
934 3278 1133 3311 certandum
1168 3287 1376 3324 praeparave-

477 3326 535 3354 rat
567 3343 574 3352 .
609 3318 658 3350 Ex
688 3319 787 3352 Italia
814 3321 896 3355 illuc
921 3321 954 3363 se
976 3323 1120 3356 contulit
1145 3324 1379 3370 Smyuelirides

477 3367 699 3410 Hippocratis
721 3364 823 3407 filius
864 3365 1024 3411 Sybarita
1051 3367 1227 3410 (florebat
1264 3377 1380 3402 autem

477 3412 629 3442 maxime
653 3407 785 3456 Sybaris
809 3420 844 3441 ea
872 3411 1059 3454 tempestate
1083 3415 1095 3455 )
1120 3415 1181 3457 qui
1214 3425 1299 3447 unus
1324 3415 1380 3448 vir

475 3458 511 3491 in
534 3457 727 3500 plurimum
759 3454 960 3500 deliciarum
974 3456 1179 3504 procesleratg
1206 3459 1381 3496 Contendit

1081 3514 1095 3526 fl

1435 1932 1471 1958 ta
1496 1944 1508 1962 ‚
1544 1924 1645 1956 cuius
1673 1920 1840 1954 meminit
1868 1916 2020 1953 Ovidius
2045 1916 2137 1952 libro
2161 1919 2268 1952 tertio
2291 1917 2336 1955 de

1434 1968 1609 2004 Tristibus
1628 1992 1635 2001 .
1665 1968 1742 2000 Fuit
1767 1966 1797 1998 Sc
1820 1964 1941 1999 Alexis
1963 1962 2122 2010 Sybarita
2159 1971 2260 2009 poeta
2278 1974 2337 1998 co-

1433 2015 1549 2051 micus
1574 2009 1759 2048 Menandri
1785 2019 1892 2056 poetae
1916 2009 2046 2043 comici
2070 2016 2240 2054 patruus,
2274 2011 2340 2057 qui

1434 2059 1603 2095 ducentas
1624 2057 1884 2103 quinquaginta
1909 2057 2066 2101 quinque
2090 2052 2226 2087 fabulas
2248 2054 2336 2089 scri-

1435 2104 1504 2152 pfit
1529 2126 1541 2144 ‚
1566 2107 1658 2139 inter
1682 2113 1767 2148 quas
1792 2112 1900 2135 unam
1923 2101 2092 2134 Brettiam
2117 2100 2337 2135 nominavit.

1436 2152 1555 2194 Quare
1589 2148 1782 2195 Sybaritica
1811 2143 1929 2180 fabula
1963 2157 2093 2179 nornen
2119 2143 2265 2190 sumpfit
2292 2145 2338 2181 ab

1436 2196 1573 2232 aunore
1606 2192 1762 2240 Sybarita
1806 2214 1817 2230 ‚
1863 2189 1905 2224 de
1941 2202 2010 2238 qua
2047 2191 2216 2224 meminit
2253 2193 2336 2226 Ati.

1435 2241 1616 2285 stophanes
1640 2242 1677 2273 in
1703 2235 1853 2285 vespis.
1891 2234 2131 2271 Theodoretus
2156 2236 2266 2272 etiam
2294 2238 2336 2272 in,

1434 2286 1528 2322 libro
1552 2287 1908 2325 exercitamentorum
1933 2283 1983 2316 ait
2008 2293 2019 2315 ι
2053 2279 2212 2328 Sybarita
2231 2281 2336 2326 fabu-

1437 2332 1551 2366 larum
1574 2333 1732 2365 inventor
1755 2354 1766 2365 .
1804 2330 1894 2363 Item
1935 2326 2163 2374 Aphthonius
2186 2324 2336 2373 sophista

1436 2378 1557 2423 inquit
1579 2388 1589 2410 τ
1616 2374 1791 2420 Sybaritas
1814 2377 1945 2420 primos
1968 2375 2158 2407 inventores
2190 2371 2337 2416 fabula-

1435 2434 1515 2458 rum
1530 2420 1756 2467 apologiarum
1770 2419 1886 2467 fuiffln
1911 2422 2086 2464 Interpres
2097 2416 2337 2464 autemipsius

1435 2468 1658 2513 Aphthonii‚
1683 2468 1713 2500 δε
1741 2468 1911 2510 interpres
1939 2463 2169 2506 Hermogenis
2193 2462 2334 2501 dicunt,

1433 2513 1609 2561 Sybaritas
1644 2510 1778 2546 fabulas
1813 2509 1983 2545 effinxisse
2018 2509 2150 2553 primos
2186 2520 2229 2543 ex
2253 2507 2334 2542 solis

1437 2557 1679 2593 animantibus
1714 2557 1945 2591 rationalibus
1983 2577 1996 2595 -,
2036 2553 2217 2589 Alcmaeon
2253 2565 2336 2588 vero

1437 2604 1642 2638 Crotoniata
1657 2624 1667 2641 ‚
1694 2604 1726 2636 δε
1750 2601 1891 2646 AEsopus
1915 2601 2023 2635 etiam
2048 2610 2091 2632 ex
2114 2599 2334 2633 irrationali-

1435 2648 1516 2683 bus.
1539 2645 1699 2693 AEsopicae
1723 2655 1840 2681 autem
1867 2645 2057 2682 dicuntur,
2080 2645 2162 2689 quia
2186 2642 2335 2690 ‚ffisopus

1436 2692 1529 2740 apud
1559 2693 1722 2737 Phrygios
1756 2691 1822 2726 hac
1859 2693 1897 2726 in
1934 2703 1970 2725 re
1995 2689 2125 2737 polluit
2153 2714 2162 2723 .
2203 2692 2338 2724 Extant

1437 2739 1551 2775 multa
1584 2738 1742 2784 praeclara
1780 2737 1900 2771 Alexis
1923 2735 2015 2770 dista
2042 2733 2134 2780 apud
2159 2734 2333 2770 stobaeum

1437 2782 1597 2832 pluribus
1623 2784 1706 2817 locis
1729 2806 1740 2816 .
1776 2785 1806 2816 A
1832 2793 1903 2828 quo
1926 2781 2030 2816 Alexi
2056 2781 2178 2814 Latini
2201 2788 2309 2826 poetae
2321 2784 2340 2819 ,¹

1387 2833 1489 2889 Fait
1526 2829 1664 2864 Gellius
1700 2829 1793 2863 libro
1825 2826 1975 2863 secundo
2007 2847 2021 2865 ‚
2049 2824 2205 2871 quaedam
2241 2823 2335 2859 sum-

1437 2873 1529 2923 psere
1566 2885 1605 2909 ac
1640 2883 1775 2909 vertere
1800 2899 1810 2907 .
1859 2872 1931 2917 Q
1955 2873 1994 2906 in
2025 2869 2221 2909 comoedia,
2255 2880 2333 2915 quae

1438 2920 1637 2967 Pythagorae
1668 2921 1742 2954 vita
1782 2916 1989 2952 inscribitur
2013 2936 2025 2954 ‚
2062 2915 2112 2948 ait
2126 2914 2218 2950 idem
2248 2916 2333 2949 Gel-

1437 2967 1505 3001 lius
1542 2964 1633 3000 libro
1665 2972 1791 3011 quarto
1833 2983 1845 3000 ‚
1887 2959 1991 2996 refert
2030 2960 2260 3006 Pythagoram
2303 2963 2336 3000 iq

1432 3010 1534 3059 psum
1571 3010 1738 3044 animalia
1763 3004 1902 3041 edidisse
1925 3028 1936 3044 ‚
1973 3005 2094 3040 suidas
2127 3017 2210 3039 vero
2248 3006 2331 3039 Ale-

1430 3058 1508 3093 xim
1543 3052 1655 3100 ipsum
1688 3051 1876 3090 Menandri
1910 3050 2028 3086 filium
2061 3048 2159 3086 fuiffe
2183 3048 2330 3086 scribit.

1432 3102 1514 3137 Fuit
1540 3102 1570 3135 δε
1595 3098 1775 3144 Stephanus
1809 3097 1930 3131 Alexis
1957 3095 2054 3131 filius
2081 3117 2093 3135 ‚
2132 3104 2174 3129 ut
2210 3095 2331 3130 Suidas

1433 3144 1542 3181 tradi:
1573 3167 1584 3184 ‚
1619 3153 1721 3190 poeta
1746 3143 1903 3177 comicus
1939 3166 1949 3176 .
1989 3143 2068 3176 Fuit
2095 3142 2124 3174 δι
2150 3141 2335 3175 Menander

1432 3190 1554 3226 Alexis
1581 3202 1623 3225 ex
1644 3187 1749 3223 fratre
1775 3198 1881 3232 nepos
1903 3195 2004 3231 poeta
2029 3208 2041 3226 ‚
2069 3195 2109 3221 ut
2139 3184 2230 3219 idem
2253 3189 2331 3220 Sui-

1433 3235 1491 3269 das
1513 3232 1593 3269 fert.
1621 3236 1700 3268 Fuit
1735 3235 1767 3267 δε
1791 3231 1993 3276 Callisthenes
2021 3230 2181 3277 Sybarita
2216 3231 2332 3275 philo-

1435 3279 1558 3326 sophus
1583 3282 1614 3314 &
1635 3278 1831 3315 historicus.
1856 3277 2012 3312 Adducit
2037 3274 2151 3322 ipsum
2177 3275 2329 3309 Stobaeus

1436 3328 1474 3360 in
1500 3325 1718 3359 colletsstaneis
1742 3323 1782 3357 de
1805 3322 1950 3357 morbis.
1979 3325 2131 3358 Fuerunt
2150 3323 2180 3355 δε
2203 3321 2240 3354 hi
2262 3321 2325 3354 alii

1437 3368 1634 3416 philosophi
1657 3369 1821 3413 Sybaritae
1846 3368 2045 3413 Pythagorae
2069 3363 2231 3412 discipuli
2251 3387 2261 3402 ,
2286 3374 2326 3399 ut

1439 3414 1631 3450 Iamblicus
1655 3412 1776 3448 scribit
1811 3434 1823 3453 ι,
1856 3415 1976 3449 AEneas
2001 3432 2013 3450 ,
2074 3422 2135 3445 eax
2162 3410 2326 3447 Diocles,

1437 3463 1576 3505 Evanor
1598 3480 1610 3499 2
1637 3457 1814 3506 Empedus
1837 3455 1989 3504 lspaffis,
2021 3455 2190 3493 Menester
2214 3475 2225 3493 ‚
2252 3457 2329 3488 Mc·

2234 3509 2286 3535 (0—
