2404 3882
147 204 229 256 109'

83 294 245 341 ¹tionibus
266 292 278 331 ᾖ
314 300 526 339 acceptaque
542 292 802 337 ,benedi-stione
834 291 1025 336 domumA

84 344 154 377 viri
195 333 310 386 puella
346 349 427 372 cum
455 337 573 373 eadem
609 350 738 385 pompa
772 338 981 378 deducitur,

82 396 191 432 atque
219 383 294 417 illic
320 393 397 418 tum
423 382 478 416 die
495 405 506 422 ‚
533 395 611 420 turn
636 384 772 423 biduo,
802 383 982 421 interdum

82 431 204 467 triduo
231 427 612 470 ruptiae.ce1ebrantur
639 432 732 465 inter
756 429 855 464 sonos
871 433 981 465 &tri-

79 478 189 522 pudia
212 476 242 507 &
266 475 432 513 choreas,
458 475 490 508 &
513 485 639 511 cantus
657 498 668 516 ‚
696 478 727 510 δε
746 477 888 522 opipara
910 489 984 512 am-

80 524 208 570 plaque
231 522 398 554 convivia
417 545 426 554 .
452 522 544 556 Nam
559 522 814 568 quamplurimi
843 520 884 556 ad
897 533 983 556 con-

78 569 179 603 vivia
198 566 427 604 invitantur,
452 564 492 599 ad
518 567 675 614 tripudia
698 567 974 602 vero&choreas

77 616 208 660 cuique
232 609 390 645 accedere
418 615 448 646 δε
474 610 605 647 intrare
631 614 741 647 licet.
768 615 847 647 Hoc
874 611 973 657 passio

76 658 211 694 Nolani
246 664 327 691 ante
350 658 482 703 prolem
507 657 721 703 gignendam
743 657 945 703 prae-ludunt
960 679 973 696 ‚

78 711 121 738 ut
148 701 284 737 summo
307 701 439 738 honore
472 705 503 737 &
529 703 649 738 laetitia
673 715 730 737 eos
753 704 935 749 excipiant
961 725 973 742 ‚

76 748 208 795 quibus
235 745 314 781 sunt
337 746 546 783 lenesiutem
567 759 711 794 gravem
731 747 949 783 commissuri
963 773 973 783 .

76 796 221 828 Summa
245 803 328 827 vero
351 792 412 827 dos
424 791 573 838 adusque
594 792 883 840 septingentenos
909 806 973 829 au-

74 851 152 876 reos
176 836 367 873 excrescere
380 859 393 876 v
410 839 563 873 minima
576 850 659 874 vero
672 851 746 876 non
760 837 852 874 infra
868 843 976 886 quin-

73 895 255 930 quagenos
277 883 398 918 minus
423 886 454 918 ὅ(
477 886 616 918 tenuari
643 882 728 918 solet
753 909 763 919 .
787 885 975 929 Qamob-

72 940 149 967 rem
175 927 237 963 ubi
264 937 405 964 tanturn
430 930 505 963 auri
528 939 611 964 cum
640 929 758 975 puella
788 929 973 965 transferri

74 973 255 1010 videretur
281 995 293 1014 ,
325 982 445 1009 autore
474 975 676 1010 Raimundo
708 974 837 1010 utfino
873 977 971 1011 Nolae

71 1020 194 1064 regulo
220 1028 365 1054 cautum
386 1019 431 1053 est
446 1040 457 1058 ‚
483 1018 708 1068 edie‘lumque
732 1020 864 1056 faecium
890 1042 903 1059 ‚
927 1031 967 1055 ac

71 1062 92 1101 31
117 1076 186 1110 po.
211 1063 351 1098 Nolano
372 1064 598 1106 jurejurando
623 1065 801 1101 sancitum
825 1088 837 1105 ‚
874 1065 971 1114 quod

70 1111 138 1151 hoc
164 1109 263 1156 paRO
281 1107 387 1144 habet
403 1133 413 1146 .
437 1111 567 1146 Nolano
584 1111 712 1145 homini
738 1113 757 1147 ὦ
782 1115 969 1146 contermi-

68 1159 126 1191 nis
148 1154 279 1201 populis
299 1165 442 1191 uxorem
464 1155 586 1191 ducere
608 1157 705 1191 licito
731 1178 744 1196 ‚
765 1155 802 1190 z'n
823 1169 967 1192 uxorem

66 1212 145 1238 vero
163 1199 332 1235 Nolanam
367 1202 522 1245 puellam
546 1204 767 1239 mulieremve
789 1203 835 1243 ad
857 1210 972 1237 exter-

67 1256 128 1281 nos
150 1248 285 1295 populos
309 1248 449 1282 mittere
469 1259 533 1281 non
560 1249 659 1284 licito
685 1260 697 1288 3
722 1252 817 1296 quod
843 1248 971 1284 multis

67 1293 172 1326 annis
197 1293 373 1326 servatum
395 1293 441 1327 est
469 1305 479 1327 z
504 1294 620 1330 nostra
645 1305 730 1336 vero
766 1292 968 1339 tempestate

66 1347 175 1383 prope
197 1339 441 1385 antiquatum.

93 1438 210 1482 DE
268 1440 942 1487 SPECTACULIS

147 1495 393 1543 histrionum
422 1509 547 1555 atque
574 1501 670 1545 ludo
700 1500 886 1558 equestri·

335 1605 539 1643 caru·
625 1609 679 1652 Χ,

62 1699 142 1786 O
159 1703 348 1747 uanquam
367 1713 428 1748 per
451 1703 524 1740 haec
540 1710 701 1750 tempora
722 1707 823 1742 nulia
837 1709 962 1741 extant

110 1782 129 1790 ,
169 1748 428 1792 amphitheatra
443 1772 454 1789 ‚
479 1762 596 1796 neque
613 1752 759 1797 vestigia
773 1754 893 1796 aliqua
907 1750 962 1784 vie

58 1794 188 1829 dentur
212 1804 336 1828 eorum
358 1817 369 1835 ‚
405 1806 481 1841 quae
505 1805 625 1832 extare
664 1798 861 1843 potuissent
886 1793 1004 1860 postD

57 1841 120 1875 illa
148 1838 242 1878 duo,
264 1850 339 1884 quae
365 1844 400 1876 in
425 1842 512 1877 urbe
537 1844 712 1888 antiqua(
735 1843 872 1878 diuum
888 1840 958 1884 est)

57 1884 247 1920 mansisse:
283 1884 473 1930 speSiacula
512 1897 631 1923 tamen
673 1887 827 1933 quodam
854 1886 960 1924 modo

58 1940 238 1976 aguntur,
267 1944 343 1979 quae
367 1931 645 1967 similitudinem
673 1936 705 1967 δε
731 1932 883 1979 speciem
907 1931 960 1965 fa-

54 1979 161 2010 ciunt
182 1976 327 2012 illorum
350 1977 518 2014 ludorum
542 1979 800 2021 antiquorum:
818 1976 961 2023 siquan-

55 2019 100 2055 do
120 2032 217 2055 nunc
246 2021 436 2068 spefilacula
466 2023 662 2058 redduntur
697 2032 776 2059 tum
800 2020 962 2070 persona-

53 2075 198 2106 torum,
224 2077 298 2102 tum
311 2071 420 2103 etiam
445 2071 619 2111 iuvenum
646 2071 742 2104 veris
768 2070 962 2105 armiscer-

55 2114 213 2146 tantium
229 2135 241 2152 ‚
265 2123 371 2160 atque
398 2114 455 2149 illi
483 2115 608 2161 pedes,
630 2114 669 2148 hi
693 2126 776 2150 vero
794 2126 885 2159 equo
909 2111 959 2148 se-

55 2155 178 2190 dentes
204 2171 276 2192 rem
302 2168 412 2204 agunt
442 2186 451 2194 .
478 2163 728 2194 Veruntamen
756 2160 958 2205 personato·

56 2213 136 2236 rum
163 2200 354 2248 spefiiacula
388 2205 547 2249 quaedam
573 2202 653 2239 sunt
681 2204 722 2239 ad
749 2203 958 2240 ostendenda

54 2246 215 2293 mysteria
241 2249 424 2291 religionis
451 2264 460 2285 2
484 2251 598 2285 veluti
635 2262 749 2296 quum
779 2248 959 2296 represen-

53 2301 149 2327 tatur
173 2291 372 2327 resurreSlio
397 2297 546 2330 Domini
574 2296 682 2336 JESU
709 2318 720 2334 ‚
755 2304 817 2331 aut
840 2306 950 2342 quum

53 2341 162 2382 Reges
188 2348 256 2371 tres
271 2338 359 2373 stella
376 2341 590 2375 monstrante
613 2343 711 2375 viam
726 2363 738 2380 ‚
766 2338 874 2381 visere
889 2352 953 2375 na—

51 2383 292 2428 tumJEUM
320 2405 330 2422 ‚
363 2397 437 2431 qure
462 2390 583 2420 omnia
611 2389 648 2421 in
664 2385 817 2422 basilicis
841 2383 952 2420 solent

49 2432 104 2472 agi
133 2452 142 2460 .
170 2431 209 2462 ln
236 2427 365 2475 quibus
392 2430 574 2466 reddendis
608 2433 793 2478 peritiores
821 2433 952 2466 extite-

48 2484 133 2511 runt
159 2474 288 2508 afiores
313 2476 438 2508 Paula,-
461 2478 670 2514 menachus,
698 2479 847 2525 Baptista
863 2479 951 2509 Tan-

45 2532 107 2567 gus
132 2543 143 2559 .,
163 2520 395 2555 Bernardinus
417 2523 579 2557 Miranda
605 2545 616 2561 ‚
653 2525 844 2559 Rerum-Am
863 2525 952 2556 Gra-

48 2570 169 2600 tianus
190 2564 233 2601 ὀ*
257 2564 426 2600 Antonius
449 2566 556 2601 frater
583 2569 655 2610 ejus
671 2591 682 2608 ‚
700 2569 845 2612 ,loannes
857 2569 952 2601 Mon-

45 2611 153 2648 fortes
175 2633 186 2648 ‚
209 2610 352 2657 Joannes
385 2611 602 2656 Moscarellur
627 2634 639 2651 ‚
678 2615 799 2648 Petrus
824 2615 951 2647 Paulus

48 2657 122 2697 ejus
148 2655 243 2691 filius
268 2679 279 2696 ‚
306 2666 410 2701 atque
435 2661 636 2694 carulucius
663 2661 819 2705 Tangus.
847 2660 952 2702 Qae-

46 2701 128 2745 dam
151 2714 234 2736 vero
273 2701 313 2736 ad
343 2704 566 2750 voluptatem
599 2714 814 2751 apparantur
841 2718 849 2738 ι
875 2715 951 2750 quae

47 2758 186 2794 quoque
209 2751 366 2785 maxime
393 2751 487 2783 varia
511 2747 617 2789 sunt3
644 2761 755 2796 neque
784 2749 854 2794 ipsa
880 2751 949 2784 laec

45 2794 87 2828 in
111 2794 254 2839 templis
283 2815 296 2833 ‚
324 2797 360 2828 in
387 2796 474 2828 areis
499 2794 595 2829 urbis
633 2798 774 2841 magnis
800 2795 948 2831 affitan-

48 2846 130 2876 tur,
156 2840 269 2872 veluti
296 2843 331 2874 in
357 2838 433 2874 foro
459 2837 720 2885 frumentario,¹
747 2843 840 2876 utin
858 2850 945 2877 area,

47 2895 85 2916 ea
112 2905 123 2920 ‚
147 2894 222 2928 quae
247 2885 292 2919 est
318 2894 399 2919 ante
422 2883 604 2922 balilicam
630 2885 707 2923 divi
734 2884 908 2920 Francisct'
934 2906 946 2918 -

47 2936 152 2973 atque
174 2937 253 2964 ante
269 2932 447 2965 Porticum
465 2943 476 2970 3
500 2940 562 2966 aut
586 2934 690 2965 etiam
713 2930 872 2975 vagando
887 2972 895 2976 =

45 2973 168 3009 urbem
186 2998 196 3007 .
222 2977 260 3008 In
288 2976 342 3010 his
356 2986 461 3021 quam
475 2980 631 3011 maxime
655 2976 829 3012 comoedia
844 2977 944 3012 Ate1÷

43 3018 126 3054 lana
154 3018 351 3055 introdufia
388 3022 450 3056 effe
477 3022 618 3057 videtur
645 3044 656 3061 ‚
684 3024 805 3056 omnia
836 3034 871 3056 n.
887 3021 943 3056 vel

43 3065 186 3099 choreas
215 3065 410 3108 &tripudia
436 3069 610 3111 capiunt,
636 3068 691 3105 vel
707 3069 843 3109 jocos&
859 3065 943 3101 sales

43 3109 212 3146 habentia
228 3131 239 3147 ‚
267 3110 374 3145 risum
394 3111 611 3147 creberrimo
638 3122 786 3151 movent
809 3139 818 3147 .
849 3115 943 3147 Peri·

41 3157 150 3190 tiores
181 3167 290 3202 quam
316 3157 464 3200 plurimi
489 3159 598 3193 etiarn
628 3163 664 3193 in
691 3160 746 3194 his
772 3169 942 3205 apparue-

41 3213 77 3238 re
102 3201 284 3236 histriones
301 3214 309 3235 :
325 3199 376 3235 sed
396 3202 663 3243 praestantissimi
677 3205 842 3239 omnium
858 3213 940 3243 tres,

41 3246 182 3293 joannes
208 3249 400 3280 Gratianus
425 3257 662 3292 cognomento
691 3249 940 3295 Rosta(rrstn7n

43 3290 220 3326 n.dicunt
242 3291 428 3327 frustulum
453 3292 558 3326 arsum
585 3297 725 3330 carnis:
750 3304 822 3329 erat
845 3295 939 3328 n.il-

41 3337 109 3370 lius
131 3337 377 3383 corpusculum
402 3337 495 3372 rossae
520 3349 689 3384 perquam
714 3339 938 3380 fimile)Da-

40 3384 177 3416 mirmur
200 3389 373 3429 capuanus
405 3404 416 3420 ‚
454 3391 560 3423 atque
586 3383 733 3430 Angelus
767 3385 937 3430 affirffivlltts

37 3426 175 3469 Saffius.
197 3432 229 3465 Is
252 3426 336 3463 adeo
359 3426 495 3463 facetus
510 3426 610 3468 fuit,
638 3438 678 3463 ut
706 3442 748 3464 ne
777 3432 935 3470 moriens

410 196 745 245 arran
798 192 1095 262 0511·

1196 193 1697 245 ΕΕΟΝῙδ

1038 288 1183 338 quidem
1206 289 1366 330 iocorum
1393 287 1528 322 oblitus
1557 287 1599 325 fit
1623 313 1635 330 ‚
1664 304 1774 332 quum
1796 305 1834 328 n.
1849 296 1951 339 roga:=

1040 344 1159 373 retur,
1184 345 1255 380 quo
1281 346 1364 368 nam
1393 336 1432 368 in
1456 335 1591 380 templo
1617 337 1769 381 placeret
1782 339 1947 374 humari?

1041 393 1126 417 voce
1152 378 1231 414 sane
1256 390 1365 426 quam
1392 381 1494 413 tenui
1523 377 1701 426 respondit
1726 395 1738 416 ·.
1767 386 1801 416 in
1830 383 1949 419 saneto

1040 426 1206 472 Apostolo
1230 437 1241 458 ·.
1280 434 1322 459 ut
1349 425 1449 461 sicuti
1476 426 1580 460 vivus
1620 425 1710 460 bene
1737 426 1814 461 bibi
1848 445 1857 462 :
1898 434 1950 464 ita

1039 482 1203 508 mortuus
1229 469 1355 506 bibam
1381 468 1538 509 affidue3
1563 481 1636 505 erat
1664 473 1792 505 n.vini
1821 478 1944 508 aman-

1039 516 1196 553 tiffimus
1213 528 1224 550 t
1251 519 1291 550 in
1319 516 1436 552 {anflo
1462 528 1545 550 vero
1571 517 1736 561 Apostolo
1763 522 1951 561 pavimen-

1037 573 1116 599 tum
1141 562 1226 597 adeo
1252 562 1353 597 humi
1379 561 1573 606 depressum
1598 561 1665 601 est,
1689 570 1870 608 utparum
1885 563 1948 597 ab..

1030 608 1074 644 sit
1101 608 1145 642 ab
1170 620 1282 656 aqua·
1309 606 1458 643 Proinde
1482 609 1546 653 qui
1577 607 1651 641 illic
1678 605 1805 653 sepulti
1853 608 1953 648 sunt,

1032 653 1100 689 fere
1125 652 1261 700 semper
1287 665 1379 700 aqua
1404 653 1549 688 madent
1577 677 1587 689 .
1614 657 1750 689 Eorum
1778 665 1865 688 vero
1890 656 1954 699 qui

1031 712 1121 747 equo
1146 698 1268 734 sedent
1285 722 1296 739 ‚
1324 698 1561 746 speetaculurn
1581 707 1755 748 tanquam
1786 702 1953 744 equitum

1031 755 1211 781 certamen
1236 745 1281 779 est
1306 767 1318 784 ‚
1353 744 1481 790 singuli
1523 747 1622 780 enim
1665 754 1851 780 armantur
1884 744 1950 779 ubi

1032 794 1188 838 primum
1215 792 1363 826 calcaria
1389 791 1525 827 fuerint
1563 792 1707 831 calciati
1736 812 1749 831 ‚
1791 791 1901 824 ocreis
1929 787 1952 824 a

1032 838 1114 872 talis
1139 835 1183 871 'ad
1209 834 1315 883 usque
1342 838 1494 882 inguina
1527 859 1539 876 ‚
1580 847 1732 881 quarum
1765 837 1951 880 scinerion

1031 882 1162 929 quibus
1188 882 1284 917 tibiae
1306 902 1317 920 .
1356 879 1496 922 arnisior
1534 894 1619 918 vero
1647 904 1658 920 ‚
1684 880 1816 926 quibus
1853 893 1950 917 coxae

1031 936 1204 973 teguntur
1228 950 1240 967 ‚
1265 939 1282 961 a
1310 927 1446 972 pellant
1474 947 1488 966 2
1527 930 1616 966 item
1637 926 1755 962 faleris
1785 948 1796 965 ‚
1821 936 1899 972 quae
1924 924 1945 960 a

1030 973 1179 1018 cingulo
1206 974 1270 1007 adu
1292 983 1360 1018 que
1399 981 1514 1016 genua
1542 973 1738 1019 pendentes
1775 973 1946 1008 ambiunt

1029 1018 1152 1052 clunes
1166 1029 1204 1052 ac
1217 1029 1346 1056 coxan
1371 1016 1655 1063 quasquefizldas
1671 1026 1825 1054 vocant.
1860 1020 1950 1052 Ter-

1028 1066 1083 1098 tio
1107 1062 1305 1098 semilorica
1339 1064 1395 1097 vel
1421 1061 1638 1098 semitunica
1664 1087 1675 1104 ‚
1701 1075 1778 1109 quae
1807 1065 1837 1097 &
1865 1061 1951 1097 bra·-

1026 1109 1108 1144 chia
1132 1111 1164 1144 &
1194 1118 1360 1144 caeterum
1395 1120 1521 1154 corpus
1549 1131 1560 1148 ,
1624 1108 1696 1144 uod
1728 1107 1746 1143 ἒι
1777 1109 1876 1143 collo
1900 1108 1944 1143 ad

1025 1155 1218 1198 cingulum
1243 1153 1314 1193 est,
1349 1158 1466 1201 operit
1495 1175 1507 1193 7
1532 1165 1601 1201 quo
1646 1155 1793 1199 fiancale
1820 1155 1946 1200 appel—

1028 1200 1106 1234 lant
1133 1222 1146 1239 ‚
1170 1211 1297 1236 verum
1326 1208 1402 1235 tam
1426 1198 1542 1235 falerae
1568 1222 1579 1238 ‚
1613 1212 1722 1248 quam
1741 1198 1947 1233 ⁷semilorica,

1027 1246 1096 1281 tela
1122 1244 1290 1293 quaedam'
1307 1244 1352 1279 est
1377 1257 1419 1280 ex
1444 1243 1526 1279 solis
1551 1246 1695 1281 annulis
1730 1244 1853 1280 ferreis
1869 1253 1946 1282 tex-

1807 201 1831 242 '1
1844 204 1896 244 16

1012 1293 1132 1328 ¹tilis·
1161 1294 1253 1325 item
1282 1291 1453 1329 thorace,
1479 1293 1633 1326 manicis
1662 1313 1673 1330 ‚
1699 1289 1825 1326 caffide
1851 1312 1863 1329 ‚
1893 1299 1946 1325 at-

1036 1349 1105 1382 que
1145 1336 1299 1371 buccula
1324 1358 1336 1375 ‚
1376 1348 1484 1383 quam
1525 1336 1690 1371 haveram
1727 1335 1909 1382 appellant
1934 1361 1948 1371 .

1037 1384 1252 1427 Quinetiam
1288 1382 1437 1416 humero
1477 1380 1615 1416 sinistro
1645 1383 1756 1418 veluti
1785 1381 1944 1422 quaedam

1035 1428 1111 1468 ala,
1139 1428 1233 1475 quod
1252 1426 1482 1472 [pallarolum
1507 1437 1640 1464 vocant
1671 1450 1683 1467 ‚
1709 1426 1840 1462 adiens
1870 1427 1914 1462 est
1937 1450 1950 1468 ‚

1026 1487 1103 1524 quae
1126 1475 1220 1521 tegit
1245 1472 1496 1520 usquequaque
1511 1474 1704 1510 humerum
1719 1472 1945 1519 axillamque

1027 1533 1132 1567 atque
1154 1519 1335 1565 scapulam
1355 1539 1366 1556 ‚
1407 1518 1583 1566 habetque
1623 1521 1782 1553 anterius
1821 1531 1861 1552 ea
1890 1521 1945 1557 ala

1029 1568 1143 1602 veluti
1170 1576 1320 1611 parvum
1350 1562 1514 1599 scutum:
1541 1575 1611 1610 quo
1638 1566 1670 1598 δε
1697 1565 1805 1599 axilla
1830 1567 1862 1598 δε
1887 1576 1946 1610 pe-

1026 1613 1135 1648 &oris
1159 1622 1239 1654 pars
1265 1610 1399 1645 sinistra
1425 1612 1538 1644 tutius
1565 1618 1779 1644 armantur.
1804 1611 1944 1652 Quine-

1024 1661 1119 1696 tiam
1143 1657 1313 1694 adiicitur
1338 1654 1533 1694 femorale,
1560 1655 1630 1689 hoc
1661 1653 1753 1689 n.est
1781 1664 1944 1701 tegmen,

1019 1702 1116 1750 quod
1154 1700 1347 1747 &cingulo
1385 1698 1541 1747 pendens
1580 1708 1700 1742 tuetur
1742 1702 1815 1735 alui
1853 1699 1943 1734 lini-

1019 1751 1122 1786 stram
1148 1756 1286 1795 partem
1309 1757 1414 1793 atque
1430 1757 1583 1782 coxam3
1611 1747 1697 1781 laeva
1723 1758 1760 1781 n.
1776 1745 1942 1782 validius

1018 1803 1203 1832 armantur
1220 1815 1232 1832 ‚
1258 1793 1353 1837 quod
1381 1794 1467 1827 laevo
1489 1792 1597 1826 latere
1621 1792 1712 1826 ierus
1738 1791 1844 1827 hostis
1873 1801 1936 1824 ex-

1017 1843 1219 1886 cipiuntur.
1245 1842 1334 1874 Sunt
1362 1847 1487 1874 autem
1509 1838 1583 1872 haec
1609 1848 1706 1873 arma
1729 1846 1854 1884 praeter
1881 1835 1937 1871 sa-

1017 1889 1108 1923 letas
1133 1895 1239 1929 atque
1280 1884 1533 1919 semitunicam
1573 1881 1688 1917 solido
1723 1883 1938 1930 duplicique

1016 1933 1108 1968 ferro
1132 1931 1331 1965 constantia
1357 1950 1368 1967 ‚
1395 1928 1552 1975 tersaque
1579 1950 1591 1968 ‚
1617 1939 1655 1961 ac
1677 1929 1797 1963 veluti
1823 1928 1945 1975 specu·

1019 1979 1096 2012 lum
1120 1975 1300 2021 fulgentia
1330 1986 1342 2014 3
1365 1973 1488 2008 caffidi
1515 1985 1662 2020 quoque
1701 1973 1835 2020 semper
1861 1972 1941 2008 affi-

1018 2023 1077 2057 det
1101 2021 1202 2056 crista
1227 2023 1348 2067 aliqua
1374 2030 1476 2054 aurea
1504 2028 1716 2064 argenteave
1734 2042 1745 2058 ,
1768 2028 1808 2052 ut
1838 2020 1943 2066 equi·

1019 2071 1067 2102 tis
1091 2066 1160 2102 fert
1188 2065 1301 2101 libido
1327 2089 1338 2105 ‚
1380 2063 1486 2101 habet
1513 2066 1542 2098 is
1568 2076 1674 2111 eques
1713 2075 1871 2099 armatus
1900 2065 1941 2097 in

1015 2113 1186 2148 confliau
1214 2113 1440 2147 turbinatam
1466 2111 1597 2146 hastam
1613 2111 1760 2155 longam
1787 2109 1935 2157 pedibus

1015 2158 1311 2206 quatuordecim:
1339 2158 1437 2197 cujus
1462 2158 1551 2190 citra
1578 2157 1748 2202 capulum
1765 2155 1873 2190 cauda
1890 2153 1937 2189 est

1016 2207 1122 2251 longa
1147 2206 1258 2239 trium
1301 2202 1431 2249 pedum
1451 2224 1462 2241 ‚
1490 2202 1593 2237 crassa
1622 2213 1705 2235 vero
1750 2210 1892 2236 tantum
1918 2220 1932 2238 2

1013 2259 1191 2297 quantum
1226 2258 1306 2294 apte
1323 2248 1366 2282 ab
1391 2248 1500 2290 axilla
1517 2247 1663 2292 astringi
1683 2246 1785 2291 possit
1804 2258 1814 2284 3
1838 2247 1934 2281 ultra

1015 2295 1185 2340 capulum
1199 2307 1281 2328 vero
1294 2293 1450 2328 turbinis
1467 2292 1625 2327 ambitus
1642 2291 1688 2325 est
1702 2291 1815 2326 duum
1829 2291 1935 2338 pedfi‘z

1014 2339 1155 2385 cuspide
1183 2351 1266 2373 vero
1291 2337 1428 2372 summa
1464 2337 1620 2372 ambitus
1659 2337 1703 2371 est
1728 2337 1931 2382 digitorum

1012 2386 1069 2422 sex
1087 2407 1098 2425 ⁷
1125 2386 1325 2430 quinetiam
1351 2385 1445 2418 ultra
1472 2383 1645 2428 capulum
1671 2383 1787 2418 statim
1805 2380 1933 2417 affixus

1011 2432 1056 2467 est
1081 2430 1175 2464 orbis
1206 2429 1335 2463 ferreus
1362 2440 1512 2474 magnus
1546 2449 1558 2465 ‚
1595 2438 1633 2461 ac
1659 2427 1795 2465 nitidus
1821 2450 1832 2466 ‚
1857 2428 1922 2472 qui

1015 2477 1079 2512 ubi
1110 2475 1210 2510 hastae
1234 2473 1344 2508 cauda
1373 2473 1435 2508 sub
1473 2474 1584 2508 axilla
1621 2482 1765 2509 tenetur
1801 2497 1812 2514 ‚
1840 2473 1932 2516 regit

1015 2526 1045 2558 &
1074 2532 1222 2561 manum
1261 2522 1292 2555 &
1321 2519 1467 2556 anillam
1494 2520 1648 2553 tenentis
1678 2541 1690 2557 ‚
1728 2519 1824 2565 quod
1842 2517 1934 2562 scln'a

999 2570 1086 2615 fmn
1111 2574 1268 2605 vocant3
1294 2566 1331 2599 in
1347 2563 1487 2610 cuspide
1511 2575 1594 2602 vero
1624 2564 1722 2599 hastae
1745 2563 1930 2611 spiculum.

1010 2613 1178 2650 nullum,
1200 2624 1238 2645 ea
1262 2622 1298 2644 n.
1326 2610 1412 2645 [effa
1439 2610 1484 2644 est
1511 2607 1730 2644 solummodo
1754 2635 1763 2644 .
1799 2613 1927 2653 Neque

1008 2669 1083 2696 tam
1106 2658 1210 2702 longa
1233 2667 1433 2701 magnaque
1458 2654 1573 2693 hasta,
1598 2653 1659 2688 ubi
1689 2656 1862 2689 inclinata
1891 2656 1930 2692 in

1010 2705 1140 2740 hostem
1170 2704 1281 2738 fuerit
1300 2722 1311 2740 ‚
1337 2700 1444 2745 posset
1473 2703 1587 2735 teneri
1615 2699 1658 2734 ab
1687 2701 1794 2735 axilla
1822 2709 1928 2745 atque

1010 2749 1131 2784 dextra
1159 2759 1270 2784 manu
1292 2769 1303 2786 ‚
1330 2745 1396 2785 nili
1426 2749 1535 2782 etiam
1560 2755 1702 2780 exertus
1741 2743 1759 2779 ὲ
1786 2747 1929 2780 thorace

1009 2795 1088 2830 esset
1125 2793 1256 2833 ferreus
1292 2793 1407 2827 veluti
1442 2793 1528 2826 dens
1567 2794 1732 2837 porcinus
1762 2792 1862 2831 shoc
1890 2802 1928 2824 n.

960 2829 1182 2887 Franquam
1207 2848 1301 2872 unco
1323 2838 1512 2873 mutulove
1548 2836 1642 2871 hasta
1675 2847 1782 2881 quam
1810 2837 1925 2871 maxi-

1005 2897 1060 2920 me
1082 2886 1268 2921 sustinetur
1293 2905 1305 2923 ‚
1334 2894 1442 2930 quem
1474 2882 1619 2916 dentem
1659 2882 1779 2926 restam
1805 2881 1925 2928 appel-

1004 2931 1080 2966 lant
1098 2956 1106 2965 .
1123 2928 1290 2964 Ascendit
1308 2932 1427 2976 itaque
1450 2929 1479 2961 is
1501 2936 1658 2962 armatus
1684 2938 1816 2972 equum
1841 2939 1917 2961 ma-

1003 2987 1118 3023 gnum
1145 2998 1156 3015 ,
1178 2987 1216 3010 ac
1241 2974 1401 3008 validum
1425 2997 1436 3013 .,
1464 2983 1572 3018 atque
1607 2984 1691 3011 eum
1722 2980 1918 3008 exeuntem

1002 3032 1153 3067 quatuor
1174 3022 1321 3061 iuvenes
1347 3022 1458 3059 etiam
1481 3029 1571 3063 equo
1590 3017 1746 3053 sedentes
1775 3027 1918 3052 antece-

1001 3069 1091 3107 dunt
1115 3088 1126 3105 ‚
1152 3076 1306 3112 quorum
1331 3064 1458 3110 singuli
1489 3063 1641 3109 singulas
1670 3064 1802 3101 hastas,
1835 3075 1922 3109 qum.-

1000 3118 1048 3149 les
1073 3112 1258 3150 diximus,
1287 3119 1415 3156 gerunt
1440 3109 1597 3145 etesias:
1622 3120 1725 3154 atque
1757 3120 1842 3143 cum
1864 3121 1923 3143 co-

999 3157 1121 3199 mitib‚
1152 3157 1230 3190 aliis
1269 3156 1309 3190 ad
1339 3156 1561 3190 curriculum
1602 3155 1920 3203 spefiiaculumque

999 3205 1098 3251 gravi
1121 3201 1253 3237 incessu
1277 3201 1424 3235 devenit
1453 3225 1463 3234 .
1486 3204 1666 3236 Locorum
1691 3212 1783 3236 vero
1803 3210 1920 3234 certaq-

997 3251 1108 3284 minis
1146 3247 1251 3280 huius
1284 3246 1371 3280 alter
1409 3255 1505 3281 extra
1542 3247 1672 3282 urbem
1700 3247 1743 3280 est
1781 3247 1819 3278 in
1843 3244 1918 3278 foro

999 3296 1143 3328 Boario:
1170 3292 1257 3325 alter
1280 3293 1375 3326 intra
1403 3290 1528 3325 urbem
1547 3301 1681 3339 ‚atque
1711 3295 1745 3325 in
1776 3302 1812 3323 ea
1832 3292 1889 3323 via
1907 3311 1919 3327 ‚

997 3352 1072 3386 quae
1090 3338 1108 3371 a
1135 3335 1259 3376 sacello
1290 3339 1429 3372 Paulini
1447 3336 1564 3371 versus
1593 3347 1726 3372 turrem
1752 3336 1915 3379 Scrigna-

997 3387 1133 3418 riorum
1156 3384 1332 3429 procurrit
1355 3407 1364 3416 .
1410 3383 1464 3417 Est
1492 3386 1592 3417 enim
1619 3383 1735 3428 ampla
1756 3401 1767 3417 ς
1817 3380 1908 3414 reeta

993 3429 1167 3477 planaque
1194 3430 1340 3471 „cuius
1371 3426 1481 3465 salum
1521 3440 1594 3464 non
1620 3424 1802 3463 coenosum
1862 3424 1908 3459 est

1000 3478 1004 3481 ’
1749 3480 1869 3516 neque
