2404 3882
155 161 211 210 57³
403 144 1003 197 AMBROSI

1059 153 1687 195 ILEONIS

1858 159 1912 203 58

97 254 206 287 altera
226 257 322 296 parte
352 248 446 285 intra
462 246 483 286 ‘‚
516 247 624 281 altera
650 254 746 280 extra
775 247 898 282 urbem
923 247 1046 288 ma-A
1062 247 1234 286 Hetrusco
1259 246 1387 283 Ursum
1414 246 1574 281 trahente
1591 274 1600 282 .
1625 251 1697 283 Rex
1723 246 1961 283 Ferdinandug

96 310 183 334 nens
210 319 221 336 ‚
244 296 357 328 veluti
387 306 480 329 arces
517 302 635 326 extare
664 294 840 338 ancipites
864 291 999 330 solent,

95 342 149 379 sed
175 339 340 376 universa
372 342 468 375 intra
495 336 618 371 urbem
659 336 997 382 comprehenditur,

95 396 193 424 tanto
220 384 238 420 ὲ
262 396 365 419 muro
392 393 561 430 portaque
599 381 759 416 secedens
785 404 797 420 ‚
821 391 997 429 quantum

93 437 278 469 internum
300 432 510 474 pomoerium
539 427 651 462 *semel
678 450 690 466 3
723 436 829 474 atque
866 429 998 461 iterum

93 486 213 527 patet.
229 477 336 521 Regia
360 479 481 522 itaque
506 473 548 508 ab
564 471 684 507 occasu
699 496 710 512 ‚
735 473 932 518 pomceriO‚
954 471 997 505 ab

93 524 186 560 art-‘lo
207 533 284 556 area
316 522 420 567 longa
440 542 451 559 ‚
480 522 520 554 in
546 531 650 565 quarn
680 517 831 553 Portello
859 518 998 550 intran-

91 581 142 603 res
157 590 169 607 3
194 565 502 610 recipiuntur3ab
516 574 596 599 ortu
624 573 728 609 atque
752 561 899 596 meridie
921 562 1002 596 hor-

92 617 138 650 tis
161 613 321 658 cingitur
336 639 345 646 .
363 616 446 648 Haec
475 620 594 645 autem
620 608 680 643 sub
707 604 909 642 Raimundo
930 609 1001 640 Ur-

91 660 191 698 sinu,
216 667 322 705 atque
347 659 476 705 regulis
503 652 742 701 superioribus
768 673 780 688 ‚
805 654 858 685 ita
886 649 1001 686 seculo

85 704 247 742 ferente,
272 703 406 739 abietqa
433 711 534 739 eran,
560 708 666 744 atque
696 697 869 732 strufflurae
891 698 1000 732 vilio-

88 753 137 786 ris
153 775 162 785 .
184 749 255 785 Sub
279 749 368 783 Urso
395 760 477 784 vero
504 743 631 781 utfino
653 765 665 782 ι,
695 744 757 787 qui
781 742 879 777 domi
904 743 1048 789 mili-13

88 797 216 839 tiaeque
240 797 297 830 vir
325 788 685 830 fustillustdffimus,
707 787 997 833 magnificentius

87 840 256 876 mdificari
279 842 428 886 coepit:
471 835 577 876 idque
619 835 732 869 nostra
772 834 998 879 tempestate.

89 885 197 923 Ursus
222 899 271 921 na
284 886 417 920 dirutis
453 881 524 916 fere
547 880 684 913 cunelis
709 877 867 913 aeclificiis
899 890 996 915 vete-

89 931 188 968 ribus
208 931 355 965 domum
374 928 654 974 quatriquetram
669 927 799 968 erigere
821 924 995 969 aggressus

87 979 132 1013 est
147 999 158 1016 3
182 978 283 1010 cuius
307 975 476 1009 arfficum
500 974 594 1006 latus
618 967 857 1016 longitudinis
881 970 926 1004 est
949 970 992 1004 ad

88 1022 218 1057 XXV.
246 1019 377 1066 paffus:
404 1017 575 1062 orientale
599 1027 684 1050 vero
708 1024 811 1059 prope
832 1025 894 1059 par
921 1016 989 1054 est,

85 1066 140 1103 sed
164 1077 249 1112 opus
273 1065 479 1099 inchoatum
504 1061 651 1106 reliquit
678 1072 690 1099 3
723 1071 764 1093 ea
791 1068 911 1094 autem
939 1061 989 1094 la-

85 1122 183 1149 tera,
207 1121 283 1155 quae
303 1107 413 1143 finem
433 1105 514 1141 sunt
537 1104 721 1140 consecuta
741 1126 752 1142 ‚
782 1104 986 1138 altitudinis

83 1155 164 1191 sunt
177 1153 246 1190 fere
269 1151 470 1188 duodenum
495 1150 672 1196 passuum.
690 1149 838 1184 Fabricae
865 1159 984 1185 autem

80 1203 196 1236 caeteri
233 1200 382 1244 parietes
422 1197 583 1242 tophacei
613 1193 692 1228 sunt
721 1206 731 1233 3
757 1197 868 1239 paries
902 1207 984 1229 vero

82 1243 364 1289 septentrionalis
376 1240 465 1275 solus
491 1254 533 1276 ex
549 1252 722 1274 marmore
747 1239 918 1284 quadrato
939 1240 1156 1288 estCparies
1178 1241 1222 1275 est
1251 1265 1261 1274 .

83 1289 285 1326 commissus
309 1310 321 1327 ‚
346 1290 502 1333 exceptis
533 1284 794 1323 fundamento,
819 1296 858 1317 ac
884 1294 982 1331 parte

81 1339 158 1370 eius
178 1335 346 1369 interiore
359 1357 369 1366 .
383 1331 668 1366 Fundamentum
682 1332 780 1364 enim
805 1338 924 1365 totum
942 1330 986 1364 est

82 1381 292 1426 tophaceum
305 1390 315 1411 z
330 1379 475 1423 parietis
501 1387 587 1411 vero
600 1374 707 1409 facies
723 1376 875 1409 exterior
889 1388 987 1410 mar-

81 1437 212 1463 morea,
226 1425 374 1458 interior
384 1434 466 1456 vero
478 1422 645 1467 tophacea
661 1420 903 1464 coustattquod
917 1421 987 1456 for-

82 1481 116 1506 te
132 1469 285 1517 quadam
309 1469 429 1502 evenit
445 1493 455 1501 .
482 1469 586 1501 Mens
600 1475 674 1499 erat
699 1463 788 1500 Urso
812 1466 984 1501 fabricam

79 1527 226 1551 omnem
251 1525 293 1548 ex
319 1514 436 1558 tophis
458 1510 659 1549 conficere,
684 1513 866 1556 ignoranti
893 1513 984 1545 rnul-

81 1560 277 1596 titudinem
298 1569 546 1595 marmorum‚
570 1567 648 1603 quae
675 1558 712 1589 in
738 1553 983 1590 fundamentis

81 1605 335 1652 amphitheatri
361 1602 520 1636 latebant
543 1601 750 1636 orientalis.
780 1605 872 1636 Eroo
897 1601 984 1641 insta

79 1649 162 1686 sunt
188 1651 288 1696 regiae
323 1645 532 1682 fundamina
567 1660 610 1682 ex
639 1646 754 1691 tophis
779 1669 790 1685 ‚
816 1634 985 1692 dubiaque

79 1693 260 1742 quousque
275 1691 344 1726 solo
360 1701 460 1726 terrae
471 1704 568 1738 aequa
583 1691 647 1727 esse
660 1690 986 1726 videbantur.lnte-

1059 297 1156 331 enim
1180 306 1262 329 cum
1289 293 1501 327 Florentinis
1535 290 1731 327 bellaturus
1767 294 1805 327 in
1830 296 1964 328 Hetru-

1057 343 1145 376 riam
1172 339 1267 374 milit
1288 335 1417 372 Ursum
1437 335 1567 370 ducem
1594 340 1769 371 exercitus
1796 351 1806 371 ε
1835 340 1863 372 is
1890 341 1963 372 ini-

1057 387 1095 420 bi
1124 386 1312 420 contraffls
1348 380 1566 418 torminibus
1601 380 1757 416 Viterbii
1792 393 1964 418 aeorotans

1058 433 1241 467 hominem
1260 431 1359 466 exuit
1388 439 1399 467 3
1434 437 1499 460 nec
1532 425 1689 472 fabricae·
1713 414 1839 461 deindZ
1866 425 1964 473 quis-

1056 489 1163 522 quam
1186 487 1346 524 unquam
1372 473 1566 520 quicquam
1590 471 1733 506 adiecit.

1097 568 1196 610 DE
1225 562 1566 612 PORTICU
1596 560 1924 607 NO'LANA

1323 636 1447 679 atque
1463 625 1539 666 viis
1559 622 1684 662 urbis.
1876 615 1880 619 ’

1344 739 1376 772 c
1420 739 1453 770 A
1501 736 1539 769 PL
1631 711 1701 767 X.⁰

1107 836 1142 870 N
1166 833 1281 868 media
1315 829 1404 864 urbe
1441 826 1614 863 tethredra
1653 825 1812 872 quaedam
1836 833 1962 862 extat,

1121 879 1214 925 quod
1240 880 1369 923 Segium
1391 882 1521 908 vocant
1547 870 1750 911 asedendm
1779 872 1869 906 mihi
1901 882 1964 904 ve·-

1050 925 1089 963 ὼ
1114 937 1186 959 non
1210 921 1427 959 tethredram
1459 917 1696 953 hexedramve
1723 939 1734 955 ‚
1775 916 1829 949 sed
1850 920 1963 961 porti-

1051 983 1132 1007 cum
1155 970 1260 1004 liceat
1285 967 1458 1012 appellare
1483 989 1492 997 .
1522 964 1646 1007 Figura
1674 962 1719 995 est
1755 964 1961 1007 quartique-

1048 1028 1102 1052 tra
1127 1029 1137 1049 z
1163 1022 1202 1049 ac
1227 1015 1336 1048 altera
1356 1006 1594 1053 longitudinis
1619 1007 1663 1041 est
1688 1008 1845 1053 quinque
1885 1003 1961 1049 pas-

1046 1061 1147 1097 suum
1174 1082 1185 1099 ,
1210 1061 1319 1095 altera
1344 1052 1547 1090 latitudinis
1573 1052 1702 1098 pedum
1718 1052 1819 1088 XX„
1835 1049 1958 1083 altitu-

1045 1107 1142 1142 dinis
1167 1117 1250 1139 vero
1275 1102 1316 1137 ad
1352 1111 1421 1136 tres
1459 1096 1569 1143 passus
1607 1109 1618 1137 3
1654 1095 1859 1132 extenditur
1896 1105 1960 1127 aub

1045 1161 1116 1186 tem
1138 1151 1181 1185 ab
1206 1159 1286 1184 ortu
1314 1145 1432 1183 versus
1460 1141 1622 1177 occasum
1646 1153 1798 1176 vernum
1824 1164 1833 1172 .
1876 1142 1959 1174 Hu-

1039 1199 1092 1238 ius
1116 1198 1209 1230 latus
1238 1192 1429 1228 occiduum
1466 1198 1572 1234 atque
1608 1188 1779 1222 arfficum
1824 1182 1957 1217 solidus

1298 1239 1434 1273 Lateris
1468 1246 1551 1268 vero
1585 1230 1779 1268 meridiani
1821 1226 1959 1263 sinistra

1044 1300 1122 1335 pars
1148 1287 1260 1333 paries
1285 1293 1426 1330 quoque
1451 1279 1496 1313 est
1523 1301 1534 1317 ‚
1571 1278 1715 1312 dextera
1754 1285 1838 1310 vero
1874 1284 1959 1307 arcu

1041 1334 1146 1368 duero
1171 1330 1335 1378 adaperta
1369 1325 1414 1361 est
1447 1350 1457 1359 .
1494 1327 1603 1358 Latus
1628 1332 1746 1356 autem
1782 1319 1958 1354 orientale

1043 1379 1087 1414 est
1113 1378 1203 1411 solus
1237 1386 1337 1410 arcus
1376 1385 1387 1406 ε
1426 1368 1479 1404 sed
1514 1379 1662 1416 uterque
1706 1377 1805 1400 arcus
1833 1365 1960 1398 ‘altero

1043 1434 1156 1459 cornu
1185 1420 1284 1467 super
1307 1431 1380 1453 uno
1414 1415 1606 1461 eodemque
1648 1413 1816 1459 capitello
1856 1409 1960 1443 colu-

1043 1481 1134 1505 mnae
1159 1467 1350 1502 firmantur
1374 1476 1382 1496 :
1409 1472 1484 1509 quae
1503 1464 1541 1494 in
1572 1459 1702 1505 angulo
1726 1479 1738 1495 ‚
1764 1466 1871 1502 quem
1894 1452 1960 1497 ipsi

1041 1522 1292 1549 concurrentes
1318 1520 1417 1542 arcus
1444 1508 1641 1539 terminant
1684 1525 1695 1542 ‚
1735 1501 1804 1534 sola
1833 1507 1929 1532 extat
1947 1510 1960 1536 3

1042 1562 1114 1595 haec
1139 1558 1210 1591 alta
1237 1556 1282 1591 est
1322 1554 1363 1587 ad
1391 1554 1439 1585 X.
1480 1550 1581 1596 pedes
1620 1562 1630 1582 ι
1662 1549 1796 1593 regitur
1837 1553 1957 1577 autem

1044 1605 1202 1650 porticus
1229 1597 1464 1636 testudinibus
1492 1594 1627 1629 duabus
1653 1593 1772 1626 medio
1800 1591 1956 1623 interce-

1044 1650 1148 1684 dente
1174 1659 1213 1681 ac
1239 1641 1504 1689 longitudinem
1538 1641 1697 1685 porticus
1724 1636 1960 1670 secantezca-

1043 1705 1174 1730 cumen
1198 1691 1330 1736 pluteis
1356 1689 1551 1721 coronariis
1583 1681 1837 1718 circumduSlis
1873 1678 1964 1712 fini-

79 1752 136 1776 rea
159 1752 242 1773 vero
265 1738 384 1782 aliqua
408 1734 524 1773 effossa
547 1736 629 1772 sunt
653 1748 828 1771 marmora
853 1738 891 1770 in
908 1743 1109 1782 ain-Dtffl·
1127 1755 1146 1771 Δ,
1186 1739 1306 1781 Qare
1337 1732 1380 1767 ab
1403 1741 1483 1765 ortu
1508 1739 1584 1765 toto
1606 1750 1618 1767 3
1660 1730 1690 1761 δε
1716 1725 1734 1760 a
1770 1721 1962 1758 dimidiato

78 1785 302 1832 phitheatro‚
326 1790 369 1816 ut
384 1784 455 1817 illis
483 1785 582 1829 regite
595 1783 716 1827 anguli
742 1781 982 1818 firmarentur,

80 1842 116 1867 at
142 1826 256 1863 effossa
276 1825 529 1864 effodientibus
569 1828 635 1862 alia
655 1825 780 1862 subesse
807 1837 983 1860 marmora

78 1872 274 1924 patefecere
297 1886 308 1906 ι
332 1872 565 1918 quamobrem
588 1881 642 1908 tot
663 1869 778 1908 effofl'a
804 1871 884 1905 sunt
910 1894 920 1909 ‚
945 1880 985 1905 ut

79 1925 154 1957 eius
176 1920 320 1964 parietis
342 1928 411 1953 tres
438 1916 577 1954 ordines
603 1920 709 1955 exeis
734 1917 987 1955 marmoribus,

78 1979 151 2003 non
175 1964 281 1999 modo
306 1965 429 2009 anguli
456 1985 469 2003 ‚
493 1965 597 1999 ereffi
624 1963 693 1999 fint
726 1962 828 2009 supra
861 1961 988 1998 funda-

77 2019 198 2048 menta
221 2033 230 2041 -
256 2013 322 2044 Res
346 2012 455 2055 coepit
478 2021 642 2056 apparere
664 2006 855 2055 magnifica
881 2005 987 2053 usque

46 2097 50 2103 .
77 2057 164 2093 adeo
183 2077 195 2095 2
220 2064 261 2090 ut
289 2057 423 2100 Regulo
450 2057 570 2090 auftus
595 2053 636 2090 lit
663 2058 804 2089 animus
828 2051 987 2098 erigendi

77 2101 183 2140 modo
206 2103 469 2153 e0·parietem‚
492 2099 607 2147 quoad
630 2111 805 2136 marmora
827 2096 987 2146 suppete-

78 2156 156 2184 rent
172 2171 182 2180 .
197 2147 266 2179 Cur
292 2146 592 2191 amphitheatrum
616 2155 671 2181 tot
685 2144 843 2190 prae'stitit
859 2166 870 2183 ‚
895 2150 984 2188 quot

78 2204 153 2229 non
176 2189 280 2225 modo
306 2199 420 2224 totam
445 2193 591 2235 parietis
619 2188 850 2225 altitudinem
878 2198 985 2230 atque

76 2237 226 2281 angulos
250 2237 352 2280 regiae
377 2235 535 2282 pilasque
554 2238 714 2273 multas,
739 2237 770 2268 &
790 2233 909 2271 bases,
933 2242 1163 2288 at-Eautem
1192 2233 1290 2268 urbis
1316 2232 1391 2266 duae
1427 2227 1507 2261 sunt
1544 2229 1722 2273 principes

76 2295 144 2331 que
172 2289 426 2315 coronamenta
462 2283 584 2315 omnia
612 2279 785 2315 conficere
811 2302 824 2319 ‚
848 2278 902 2314 sed
929 2280 986 2312 iu-

74 2337 226 2366 numera
248 2335 388 2371 quoque
417 2335 561 2372 potuere
598 2324 762 2370 superesse
787 2339 798 2365 3
832 2334 868 2359 at
905 2335 986 2358 vero

74 2373 139 2408 ubi
162 2368 278 2406 visum
301 2371 347 2404 est
372 2369 408 2403 id
424 2382 511 2417 opus
538 2371 723 2417 expediri,
748 2382 870 2405 ornnes
888 2391 900 2408 3
922 2370 986 2414 qui

72 2419 246 2455 fabricam
270 2427 348 2449 eam
373 2415 419 2450 ab
442 2417 553 2450 initio
577 2424 707 2450 norant
729 2437 740 2454 ‚
780 2414 984 2457 judicarunt

75 2465 182 2500 illurn
212 2463 385 2507 parietem
417 2461 517 2497 brevi
543 2460 742 2496 decisurum
766 2474 778 2501 3
803 2459 897 2507 quod
928 2468 984 2492 to-

75 2511 205 2557 phacea
244 2505 478 2542 fundamenta
512 2508 705 2553 nequirent
737 2504 798 2541 diu
834 2506 982 2539 tolerare

75 2564 128 2591 tot
146 2548 318 2605 immensa
345 2563 562 2587 marmorum
601 2550 751 2595 pondera
776 2574 788 2591 ‚
813 2560 918 2596 atque
946 2551 985 2582 in

75 2608 215 2635 tantam
241 2596 476 2632 altitudinem
512 2596 630 2632 ev'eaa
656 2620 666 2630 .
703 2598 745 2631 In
769 2596 890 2631 eodem
924 2606 984 2641 pa-

72 2647 160 2698 riete
185 2643 314 2678 ostium
345 2654 585 2678 marmoreum
621 2642 666 2676 est
687 2663 698 2680 ‚
739 2652 842 2686 arque
881 2638 982 2686 supra

73 2689 205 2726 ostium,
227 2689 336 2723 statua
361 2699 404 2722 ex
428 2700 607 2722 marmore
628 2689 729 2721 Pario
755 2686 831 2721 Urli
855 2685 979 2730 reguli:

74 2739 114 2770 in
140 2735 272 2780 pariete
297 2744 380 2767 vero
406 2733 606 2768 meridiano
642 2733 794 2767 alterum
820 2733 864 2767 est
889 2730 907 2766 ὲ
933 2742 985 2764 re-

68 2783 182 2835 gione
210 2786 374 2831 apertum
402 2778 527 2813 ostium
551 2800 562 2817 ,
589 2776 683 2824 quod
700 2777 752 2821 {in
777 2778 896 2812 hortos
920 2775 985 2809 du-

74 2835 127 2860 cit
150 2850 174 2878 .·
193 2824 337 2859 Fabrica
363 2832 482 2858 autem
508 2822 661 2868 abusque
699 2821 888 2858 medietate
915 2820 983 2855 fere

75 2872 193 2903 lateris
219 2867 454 2904 occidentalis
481 2870 658 2914 incipiens
687 2889 702 2907 .‚
727 2879 766 2901 ac
794 2865 982 2914 procedens

76 2910 195 2950 versus
208 2914 364 2953 anitum,
386 2913 592 2955 vertensque
607 2923 688 2948 ante
704 2914 838 2947 areium
850 2935 861 2952 ‚
886 2910 987 2944 dein-

75 2961 118 2994 de
143 2968 282 2994 vertens
307 2969 388 2994 ante
409 2969 528 2993 ortum
557 2956 662 3003 usque
685 2958 727 2993 ad
751 2959 980 2993 medietatem

77 3004 261 3039 orientalis
281 3004 401 3039 lateris
431 3026 443 3043 -›
463 3003 571 3039 finita
591 3004 639 3038 est
670 3006 720 3038 ita
745 3027 757 3043 ‚
783 3013 822 3038 ut
849 3003 980 3037 testum

77 3053 187 3104 etiam
223 3048 265 3083 s1t
291 3048 467 3102 indepta:
507 3047 653 3094 sequeus
676 3062 760 3085 vero
795 3046 900 3096 usque
937 3046 980 3081 ad

77 3096 204 3130 ostium
232 3093 469 3130 meridianum
493 3097 563 3136 jam
586 3094 744 3134 dietum,
768 3095 979 3129 inchoatum

77 3153 164 3188 opus
190 3140 235 3174 est
264 3150 276 3178 3
304 3141 344 3172 in
369 3140 432 3173 hac
457 3142 556 3174 enim
575 3141 743 3175 inchoata
768 3149 866 3186 parte
902 3137 978 3172 501ae

78 3190 157 3220 lunt
182 3186 399 3219 coenationes
423 3184 653 3220 testudinibus
679 3186 759 3220 altis
784 3182 978 3224 validisque

78 3231 245 3270 conte-{lte
266 3251 283 3269 >3
308 3231 521 3276 quae⁴veluri
548 3233 699 3276 primam
733 3231 975 3274 contignatio-

77 3288 161 3325 nem
185 3276 391 3321 praestitere3
414 3276 568 3318 reliquus
592 3287 672 3310 vero
699 3278 798 3320 regiae
813 3274 976 3318 angulus,

77 3319 327 3375 qui-occasum
354 3320 552 3366 hybernum
576 3318 725 3365 speetu,
755 3319 884 3354 vetusta
912 3319 972 3352 illa

76 3365 222 3412 aedilacia
241 3368 355 3407 retiam
383 3369 515 3403 retinet
537 3378 551 3405 3
581 3366 674 3408 quod
700 3368 821 3410 euenit
841 3386 853 3403 ‚
881 3363 972 3398 bello

1050 1783 1250 1821 meridiano
1272 1780 1430 1826 porticus
1455 1779 1612 1821 aperitur
1642 1796 1655 1811 3
1683 1781 1827 1815 totaque
1860 1771 1961 1802 intus

1043 1831 1187 1865 videtur
1209 1850 1220 1866 ‚
1247 1835 1368 1860 caetera
1390 1821 1569 1855 clauditur
1588 1845 1598 1853 .
1636 1821 1759 1862 Neque
1785 1816 1854 1849 viis
1882 1825 1965 1847 am-

1044 1873 1227 1910 bientibus
1260 1880 1399 1916 aequum
1432 1868 1679 1912 pavimentum
1719 1861 1823 1897 habet
1860 1872 1869 1892 ς
1903 1857 1988 1892 sed'

1044 1921 1153 1955 altius
1176 1917 1260 1953 adeo
1298 1937 1310 1954 ‚
1343 1922 1384 1947 ut
1408 1908 1464 1946 sex
1494 1908 1660 1956 gradibus
1698 1903 1960 1942 ascendendum

1044 1968 1082 2000 in
1111 1961 1226 2009 ipsum
1252 1961 1292 1996 fit
1319 1985 1329 1994 .
1357 1962 1459 1993 Intus
1492 1965 1610 1990 autem
1636 1953 1775 1989 ambitu
1803 1959 1879 1984 toto
1910 1948 1961 1982 se-

1043 2009 1131 2044 dilia
1158 2004 1379 2043 solummodo
1406 2005 1592 2048 eriguntur
1618 2022 1630 2039 3
1667 2011 1742 2045 quae
1780 1993 1961 2029 dividuu-

1044 2066 1102 2091 tur
1124 2051 1142 2088 ὲ
1170 2051 1308 2087 duobus
1335 2074 1348 2090 ‚
1389 2050 1451 2091 qui
1474 2049 1512 2081 in
1545 2045 1615 2092 ipsa
1656 2039 1962 2078 scandunt-adiri-

1043 2101 1109 2136 bus
1130 2111 1140 2132 ε
1170 2100 1280 2133 altero
1302 2095 1363 2131 sub
1387 2092 1506 2128 medio
1528 2102 1609 2125 arcu
1635 2088 1834 2126 meridiano
1866 2098 1875 2117 :
1906 2084 1957 2118 al-

1043 2157 1118 2180 tero
1139 2142 1201 2178 sub
1225 2141 1343 2177 medio
1368 2150 1451 2174 arcu
1480 2137 1648 2171 orientali
1689 2147 1698 2169 :
1738 2134 1799 2180 qui
1843 2130 1961 2164 aditus

1042 2191 1125 2226 sunt
1153 2189 1358 2223 latitudinis
1386 2193 1570 2219 ternorum
1611 2181 1740 2228 pedum
1768 2205 1780 2215 .
1807 2179 1962 2211 Viarum

1754 2236 1763 2258 ;
1802 2222 1910 2256 altera
1941 2217 1960 2251 ὲ

1045 2291 1145 2328 porta
1173 2281 1352 2313 Vicancio
1375 2273 1416 2310 ad
1449 2280 1585 2317 portam
1615 2271 1857 2305 Samuelinam
1896 2276 1956 2298 ex-

1043 2325 1137 2361 tensa
1151 2325 1196 2359 est
1221 2337 1230 2357 :
1258 2324 1367 2358 altera
1391 2318 1410 2353 ὲ
1435 2316 1625 2352 Cortefella
1651 2316 1692 2350 ad
1727 2321 1864 2360 portam
1895 2321 1957 2343 an·

1043 2374 1179 2416 tiquam
1196 2392 1206 2408 ‚
1231 2381 1306 2415 quae
1329 2375 1429 2401 nunc
1452 2361 1564 2396 clausa
1587 2362 1632 2395 est
1658 2383 1667 2399 ,
1703 2355 1929 2406 protenditur
1949 2377 1959 2386 .

1045 2416 1103 2451 Sed
1129 2418 1256 2451 harum
1278 2412 1501 2448 Vicanciana
1525 2407 1570 2440 est
1590 2406 1746 2440 nobilior
1772 2415 1783 2441 3
1815 2400 1832 2435 a
1860 2402 1956 2445 capi·-

1042 2471 1075 2497 te
1101 2474 1136 2495 n.
1161 2461 1392 2506 principeque
1418 2452 1517 2487 urbis
1541 2463 1638 2497 parte
1662 2473 1672 2488 ‚
1711 2460 1787 2496 qua:
1816 2448 1952 2479 Vican-

1042 2510 1118 2541 cius
1144 2507 1188 2540 est
1214 2527 1225 2543 3
1252 2507 1410 2537 exoritur
1435 2521 1447 2537 3
1484 2507 1589 2543 atque
1616 2498 1732 2530 omnis
1767 2491 1951 2537 hospitum

1042 2550 1550 2589 advenerurmviatorumque
1578 2541 1744 2576 tranlitus
1781 2539 1847 2572 hae
1880 2534 1954 2581 ipsa

1041 2597 1083 2633 fit
1111 2609 1122 2636 3
1146 2596 1272 2631 domus
1295 2593 1497 2640 quinetiam
1517 2589 1704 2621 merit-orire
1732 2584 1801 2618 fere
1827 2592 1950 2614 omnes

1040 2654 1144 2690 atque
1169 2641 1364 2677 nobiliores
1389 2637 1455 2670 viae
1484 2635 1568 2668 huic
1597 2633 1756 2673 adjacent
1779 2641 1790 2668 3
1821 2628 1870 2661 hae
1895 2637 1959 2659 ve-

1039 2701 1078 2723 ro
1102 2688 1280 2733 principes
1306 2685 1371 2717 viae
1389 2681 1463 2715 duae
1489 2677 1554 2712 sese
1574 2677 1772 2711 concidunt
1798 2671 1859 2705 sub
1877 2683 1958 2717 por-

1046 2736 1121 2768 ticu
1142 2743 1181 2765 eo
1207 2729 1312 2765 modo
1333 2751 1345 2767 ‚
1385 2735 1426 2760 ut
1453 2724 1552 2758 illius
1583 2723 1756 2756 columnae
1785 2717 1872 2751 bans
1895 2728 1957 2748 co-

1042 2788 1200 2822 ronaque
1226 2782 1408 2818 prematur
1430 2769 1487 2804 ‘ab
1520 2768 1650 2814 angulo
1691 2764 1764 2810 ipso
1786 2765 1926 2797 viarum
1943 2782 1955 2798 ·,

1041 2825 1101 2868 qui
1132 2822 1174 2855 ad
1199 2818 1360 2854 occasum
1385 2816 1542 2851 aestivum
1559 2815 1674 2859 vergit
1701 2836 1711 2845 .
1751 2812 1874 2854 Neque
1900 2818 1957 2840 re-

1041 2870 1096 2904 &a
1142 2873 1359 2912 procurrunt
1399 2862 1450 2897 hae
1487 2862 1553 2894 viae
1582 2883 1590 2891 .
1631 2860 1721 2891 Nam
1769 2852 1958 2900 praesertim

1043 2910 1264 2947 dextrorsum
1288 2905 1588 2944 finistrorsumque
1610 2902 1780 2948 serpentes
1794 2920 1805 2937 3
1818 2899 1958 2945 partlm

1042 2959 1131 2994 reue
1156 2955 1353 3003 procedunt
1378 2979 1388 2988 .
1422 2955 1476 2987 Ex
1503 2961 1572 2996 quo
1606 2949 1690 2981 licet
1728 2944 1915 2985 conjeerari
1943 2962 1956 2978 2

1042 3001 1244 3050 praesentem
1269 2999 1396 3034 urbem
1424 3019 1436 3037 ‚
1462 3007 1533 3030 non
1567 3002 1607 3027 ut
1635 2990 1746 3025 divisa
1774 3013 1786 3030 ‚
1823 2986 1877 3022 sed
1914 2996 1956 3020 ut

1038 3057 1137 3093 rapta
1172 3046 1290 3081 fuisset
1313 3067 1325 3083 ‚
1354 3047 1407 3079 ita
1445 3038 1653 3076 aedificacam
1691 3037 1753 3072 ess'e
1785 3062 1793 3069 .
1832 3036 1956 3077 Neque

1036 3093 1269 3129 aedificiorum
1289 3093 1476 3125 viarumve
1501 3087 1618 3121 ratio,
1648 3085 1678 3115 &
1703 3081 1788 3117 ordo
1805 3077 1950 3115 habitus

1035 3140 1132 3174 estin
1155 3134 1352 3172 aedificandi
1378 3131 1558 3180 principio
1587 3141 1598 3161 ·.
1626 3125 1680 3161 sed
1706 3127 1893 3161 lubentia,
1922 3126 1953 3155 δι’

1034 3186 1176 3231 propria
1214 3178 1380 3225 cujusque
1409 3172 1642 3211 commoditas
1690 3171 1905 3205 antecelluit
1943 3191 1953 3201 .

1037 3235 1160 3264 Praerer
1187 3235 1306 3261 autem
1332 3225 1392 3258 has
1421 3224 1497 3257 vias
1520 3217 1744 3252 celebrantur
1770 3213 1953 3249 stllaeduaew

1036 3287 1106 3308 non
1129 3281 1169 3306 ut
1196 3269 1410 3316 principales
1434 3289 1447 3306 ‚
1484 3263 1538 3299 sed
1568 3262 1721 3297 secundo
1753 3263 1829 3295 loco
1870 3269 1958 3303 prae-

1034 3312 1158 3353 stirntes
1185 3338 1197 3355 ‚
1233 3325 1308 3361 quae
1330 3312 1349 3348 ὲ
1383 3310 1583 3347 meridiano
1619 3310 1791 3354 pomoerio
1831 3312 1958 3336 exorta>

1033 3362 1148 3399 versus
1175 3360 1311 3404 areium
1333 3355 1500 3395 sulcando
1524 3353 1650 3401 urbem
1677 3348 1955 3399 protenduntur,

1885 3400 1912 3424 (τί
