2404 3882
500 230 810 298 colligerem,
858 247 909 278 ac
944 227 1101 296 Typis
1146 224 1365 292 impressa
1387 255 1403 277 ‚
1440 222 1733 290 ampliffimo
1768 225 1974 279 Nomini
2022 227 2134 278 Tu'o'
2178 247 2306 278 nun-

499 318 719 368 coparem
765 337 777 347 .
837 298 974 360 Qod
1019 312 1069 345 ut
1116 296 1315 345 facerem
1359 327 1375 350 ‚
1441 294 1640 361 impulit
1688 295 1868 345 nedum
1910 299 2031 346 ratio
2064 335 2080 354 ,
2135 317 2302 352 verum

499 377 646 423 etiam
689 374 743 418 in
787 368 876 418 hoc
917 370 1038 417 statu
1079 383 1238 414 rerum
1288 394 1309 418 ‚·
1348 379 1398 412 ut
1444 366 1512 411 ita
1554 364 1751 420 dicam,
1816 366 2054 416 necessitas
2101 404 2113 416 .
2172 369 2303 419 Cum

501 447 637 491 enim
679 457 796 506 quae
839 443 891 486 in
931 435 1140 501 singulos
1180 431 1429 500 dispertita
1472 434 1575 497 raro
1622 451 1949 486 memorantur
1976 469 1992 491 ‚
2040 453 2093 484 ea
2136 442 2304 500 omnia

501 518 555 562 in
591 509 665 558 Te
700 529 793 558 uno
821 542 834 563 ‚
874 505 1189 556 PRINCEPS
1225 503 1879 561 EXCELLENTISSIME,
1917 504 2116 555 collesta
2155 506 2308 574 suspi-

500 587 685 632 ciantur
710 612 724 634 ,
763 579 961 627 Generis
1006 579 1240 623 nimirum
1284 574 1522 623 Nobilitas
1555 591 1571 638 5
1618 575 1811 640 Ingenii
1848 580 1903 625 in
1939 593 1989 625 re
2029 576 2264 626 litteraria
2293 610 2310 633 ‚

502 667 642 717 atque
686 647 890 698 militari
936 648 1115 692 mirum
1160 648 1212 692 in
1256 645 1459 692 modum
1503 642 1677 691 exculti
1724 661 1971 710 acumen3
2011 646 2058 693 δε
2101 647 2312 696 ἀειῃῂιη

501 726 554 770 in
599 718 765 767 eodem
809 719 982 782 Regno
1029 715 1190 763 nostro
1246 716 1417 779 ingens
1461 712 1730 761 Feudorum
1777 712 1901 762 ditio
1943 734 1960 780 τ)
2017 719 2139 782 quin
2183 717 2307 766 Tibi

499 805 614 857 opus
660 786 747 835 hoc
791 786 1037 838 dicarem',
1075 783 1221 831 facere
1264 781 1393 830 haud
1435 798 1654 848 poteram
1704 818 1715 829 .
1772 784 1836 831 Et
1880 781 1990 832 sane
2029 817 2044 840 ‚
2090 799 2141 833 ut
2187 786 2307 835 hine

501 857 714 907 exordiar
745 888 760 911 ‚
796 855 978 904 videbis
1016 854 1104 901 hoc
1142 855 1196 901 in
1233 851 1406 900 eodem
1444 851 1711 901 Volumine
1748 848 1978 919 graphice
2016 853 2309 923 descriptam

502 927 652 997 ipsam
697 942 881 992 quoque
925 927 1176 989 antiquam
1221 920 1658 987 nobiliffimamque
1697 923 1971 972 Brutiorum
2007 928 2264 991 regionem
2289 956 2309 981 ,

500 998 771 1048 Calabriam
815 992 971 1061 postea
1009 1005 1372 1058 nuncupatam,
1416 996 1544 1054 cujus
1584 993 1659 1040 Tu
1704 995 1974 1041 amoeniora
2021 1012 2070 1042 ac
2113 994 2310 1042 faecun-

501 1071 632 1119 dicra
675 1065 842 1114 loca-a
887 1060 1268 1129 praeclarissimis
1310 1067 1366 1109 in
1412 1061 1628 1110 universo
1659 1061 1913 1111 Terrarum
1958 1063 2086 1112 Orbe
2133 1065 2308 1114 Atavis

503 1141 619 1189 Tuis
662 1134 793 1182 velut
835 1149 917 1200 per
965 1148 1134 1179 manus
1179 1146 1365 1197 accepta
1409 1164 1424 1186 ‚
1486 1147 1627 1198 atque
1668 1132 1748 1179 abs
1791 1133 1864 1180 Te
1908 1133 2083 1181 itidem
2129 1133 2307 1188 auita,

505 1215 603 1274 jure
648 1203 852 1273 poffides
879 1235 894 1256 ,
929 1200 975 1248 &
1017 1201 1201 1250 summa
1244 1219 1354 1250 cum
1396 1200 1701 1250 humanitate
1743 1207 1868 1270 regis
1911 1202 2241 1269 gubernasque
2291 1238 2303 1250 .

501 1283 561 1328 In
604 1295 695 1343 qua
737 1277 937 1342 regione
982 1270 1285 1319 describenda
1329 1270 1658 1337 laudandaque
1710 1290 1810 1321 non
1854 1276 2125 1321 minimum
2169 1272 2301 1321 insu-

503 1350 673 1397 darunt
718 1349 800 1411 qui
845 1343 924 1392 hic
969 1345 1278 1389 continentur
1323 1373 1338 1395 ‚
1397 1342 1592 1390 Gabriel
1631 1344 1830 1391 Barrius
1865 1375 1880 1396 ‚
1919 1341 1963 1389 &
2007 1343 2303 1410 Franczscus'

503 1422 658 1479 Grani
695 1448 709 1470 ‚
749 1434 850 1464 non
889 1413 1087 1460 infimae
1131 1410 1241 1458 sane
1286 1411 1569 1460 eruditionis
1612 1413 1740 1458 viri.
1788 1411 2006 1461 Eandem
2050 1413 2163 1460 vero.
2205 1426 2309 1460 no.

505 1488 727 1536 biliorem
771 1485 1168 1549 felicioremque,
1206 1499 1255 1528 ac
1299 1479 1380 1529 suo
1431 1480 1584 1548 prisco
1630 1483 1777 1529 nitori
1822 1481 1953 1530 velut
1989 1481 2303 1548 postliminio

503 1557 769 1606 restitutam
796 1589 811 1610 ,
849 1552 1014 1601 reddet
1062 1553 1187 1601 brevi
1223 1583 1238 1604 ‚
1289 1551 1395 1598 Deo
1439 1549 1623 1616 auspice
1667 1583 1683 1604 ‚
1722 1551 2031 1599 invidiissimi
2078 1556 2208 1613 juxta
2252 1550 2302 1599 ὅζ

504 1624 829 1695 gloriosissimi
894 1624 1040 1689 Regis
1104 1621 1249 1669 nostri
1313 1621 1564 1669 CAROLI
1622 1620 1941 1675 BORBONII*
2003 1622 2302 1688 primigenia

504 1697 660 1748 Proles
685 1729 699 1750 ‚
738 1694 1027 1759 reddentque
1064 1692 1284 1756 deinceps
1321 1693 1612 1757 Pronepotes
1635 1723 1652 1745 ‚
1690 1692 1858 1756 quibus
1884 1724 1900 1746 ‚
1938 1704 2110 1757 utputo
2135 1725 2152 1747 ‚
2189 1694 2305 1739 Pro-

505 1770 668 1836 genies
705 1781 782 1813 tua
809 1799 823 1820 ,
861 1783 950 1831 qua
988 1762 1242 1809 nobilitate
1268 1791 1283 1814 ‚
1322 1778 1413 1827 qua
1448 1760 1546 1808 fide
1583 1760 1627 1808 ὃς
1662 1759 1890 1828 obsequio
1926 1760 1985 1810 ad
2005 1760 2104 1810 Tui
2139 1762 2306 1808 «exem-v

502 1837 639 1906 plum
664 1869 678 1890 ,
717 1834 763 1883 se
800 1850 984 1901 quoque
1021 1831 1185 1880 reddet
1224 1830 1343 1878 bene
1378 1834 1640 1895 meritam3
1673 1849 1722 1878 ac
1759 1830 1964 1897 proinde
2000 1831 2114 1879 ficut
2151 1842 2305 1877 caete·-

503 1925 575 1957 ras
613 1911 738 1956 inter
785 1907 900 1953 alias
945 1901 1156 1965 ejusdem
1194 1903 1465 1949 Provinciae
1500 1901 1821 1967 Magnatitias
1858 1900 2086 1950 Familias
2123 1900 2302 1966 praeci-

504 1997 595 2046 pua
642 2010 655 2030 ‚
714 1980 780 2023 ita
816 1972 1137 2041 dignitatibus
1194 1989 1244 2017 ac
1280 1969 1537 2019 honoribus
1590 1977 1747 2038 magis
1781 1969 2028 2039 magisque
2063 1968 2254 2019 adau8ca
2280 1998 2298 2023 ,

505 2061 592 2095 erit
628 2048 804 2112 Regiae
841 2042 1199 2094 munificentiae
1237 2040 1602 2100 meritissimum
1636 2042 1879 2104 objestum
1904 2078 1915 2088 .
1958 2044 2086 2090 Nam
2109 2073 2126 2094 ‚
2166 2052 2218 2097 ut
2241 2036 2302 2085 ad.

506 2119 666 2165 Genus
703 2133 829 2163 nunc
865 2111 1138 2181 progrediar
1183 2143 1198 2165 ,
1258 2111 1439 2177 inclyta
1476 2109 1858 2178 serenissimaque
1907 2125 1984 2159 tua
2020 2108 2303 2158 MILANA

504 2189 692 2235 Domus
717 2219 730 2241 ‚
767 2202 909 2251 quam
945 2200 1052 2231 cum
1088 2180 1297 2228 melioris
1335 2196 1473 2228 notae
1499 2181 1810 2246 Scriptoribus
1840 2182 1975 2228 Millz
2013 2179 2185 2227 recfhus
2223 2175 2302 2223 di-

506 2259 655 2305 xerim
681 2288 694 2308 ,
733 2253 1065 2320 compleftitur
1103 2253 1155 2297 in
1194 2248 1561 2315 praesentiarum
1608 2249 1652 2296 ἐξ
1694 2250 2000 2297 URSINAM
2027 2282 2043 2304 ,
2080 2248 2126 2295 &
2163 2247 2301 2294 GIO-

499 2326 725 2384 JENAM
751 2357 765 2378 ‚
805 2323 849 2371 ἃ
887 2320 1391 2370 CARACCIOLAM
1416 2354 1430 2376 ,
1470 2320 1514 2366 &
1551 2320 1994 2369 MENDOZZAM
2041 2351 2056 2374 ,
2097 2315 2302 2380 aliasque

511 2393 690 2444 similes
726 2394 832 2441 cnm
873 2393 1034 2459 Regni
1074 2391 1219 2438 nostri
1254 2423 1269 2444 ‚
1309 2389 1417 2438 tum
1454 2392 1668 2455 Europae
1705 2389 1800 2438 ser'e
1837 2392 1982 2438 totius
2020 2383 2296 2452 antiquissi-

509 2481 611 2513 mas
648 2464 819 2512 itidem
859 2460 902 2507 &
925 2460 1310 2509 celebratissimus
1335 2496 1345 2505 .
1386 2463 1514 2521 Qae
1550 2461 1713 2505 omnia
1750 2461 1935 2506 notiora
1967 2456 2077 2505 sunt
2103 2489 2119 2511 ,
2156 2455 2306 2521 quam

511 2549 628 2600 quae
666 2531 949 2600 probatione
984 2529 1235 2594 indigeant
1283 2561 1298 2583 ‚
1359 2543 1408 2576 ut
1443 2529 1616 2577 idcirco
1654 2526 1784 2575 silere
1820 2528 1983 2593 potius
2006 2559 2022 2581 ,
2060 2528 2204 2593 quam
2239 2521 2302 2583 de

504 2606 561 2651 iis
591 2635 607 2653 ‚
646 2621 732 2668 pro
767 2600 1007 2666 Epistolae
1043 2596 1233 2658 hujusce
1269 2601 1453 2645 ratione
1492 2631 1507 2653 ‚
1554 2614 1696 2661 pauca
1733 2597 1976 2664 degustare
2005 2629 2020 2651 ,
2057 2594 2184 2644 mihi
2221 2610 2301 2640 ex-

508 2672 677 2739 pediat
721 2690 737 2736 3
798 2687 860 2718 ne
917 2687 1007 2736 pro
1046 2685 1141 2715 uno
1177 2666 1265 2715 hoc
1290 2699 1306 2721 2
1362 2667 1491 2733 quod
1530 2667 1646 2714 Tibi
1686 2666 1945 2716 dicandum
1984 2666 2096 2714 duxi
2131 2697 2146 2719 ‚
2183 2661 2302 2711 alte-

502 2760 609 2790 rum
643 2759 744 2788 non
782 2744 944 2787 minus
983 2742 1156 2804 ingens
1197 2739 1252 2784 in
1291 2740 1381 2784 tuis
1417 2735 1637 2786 laudibus
1690 2736 1915 2784 omnibus
1965 2731 2306 2801 recolligendis

500 2808 889 2874 recensendisque
916 2841 932 2863 ,
979 2809 1013 2857 fi
1057 2822 1225 2855 tamen
1262 2809 1427 2856 omnia
1465 2804 1676 2873 recolligi
1728 2804 1773 2852 δε
1816 2798 2040 2853 recenseri
2078 2813 2254 2870 queant
2277 2829 2299 2853 2

504 2878 757 2928 ‚Volumen
823 2877 999 2928 efficere
1055 2876 1213 2924 videar
1252 2913 1263 2923 .
1357 2878 1496 2938 Qod
1575 2874 1805 2925 modestia
1871 2878 1994 2924 certe
2058 2887 2139 2921 tua
2210 2883 2300 2918 nec

505 2951 656 2996 etiam
714 2949 919 3014 patietur
953 2980 969 3003 ‚
1030 2947 1165 2994 fastis
1225 2949 1460 2996 nimirum
1499 2947 1707 3012 propriis
1739 2947 1892 3012 magis
1931 2976 1947 2999 ‚
2006 2946 2151 3010 quam
2187 2938 2293 2995 ali&

501 3021 578 3066 nis
614 3019 767 3065 verbis
804 3017 1050 3066 dumtaxat
1096 3030 1322 3065 contenta
1366 3053 1378 3064 .
1440 3014 1762 3085 Qamobrem
1820 3015 1876 3063 ab
1911 3017 2112 3063 ineunte
2148 3017 2295 3069 aetate

497 3086 679 3155 (quod
717 3106 803 3154 pro
839 3090 934 3139 mei
973 3087 1207 3154 propositi
1245 3089 1432 3135 ratione
1469 3085 1606 3134 restat
1644 3083 1946 3152 dicendum)
1991 3083 2172 3150 placuit
2208 3079 2294 3127 Ti-

498 3156 551 3218 *bi
593 3159 645 3203 in
683 3161 819 3206 omni
856 3155 1217 3224 disciplinarum
1249 3174 1422 3224 genere
1460 3152 1722 3206 sele<stiores
1761 3154 1902 3201 libros
1933 3152 2166 3202 nosturna
2195 3162 2293 3197 ver-

502 3222 601 3272 sare
638 3244 784 3275 manu
808 3259 824 3282 ,
862 3225 1036 3275 versare
1073 3225 1241 3275 diurna
1256 3260 1279 3285 „
1309 3246 1409 3275 non
1448 3228 1653 3277 interim
1688 3221 1961 3290 posthabito
1999 3217 2293 3283 nobilissimo

507 3293 749 3362 armorum
786 3295 1006 3345 exercitio
1052 3329 1068 3352 ‚
1126 3294 1296 3344 adeout
1334 3297 1392 3345 ad
1428 3311 1681 3364 utrumque
1719 3308 1907 3360 tempus
1943 3292 1989 3339 &
2026 3291 2150 3340 Bel-li
2184 3317 2203 3341 2
2244 3284 2294 3332 δῖ

501 3365 629 3413 Pacis
652 3396 671 3419 0
710 3365 783 3414 Te
819 3365 1034 3418 habilem
1070 3365 1332 3440 reddideris
1375 3399 1393 3424 ‚
1441 3362 1485 3416 ὃς
1507 3398 1526 3422 ,
1565 3363 1600 3421 fi
1639 3365 1811 3416 occasio
1848 3362 2041 3432 dediffet
2065 3395 2082 3419 ‚
2116 3368 2296 3428 quoqu&v

2141 3443 2228 3497 Pa*
