2404 3882
1517 276 1917 319 IVVENIS

1429 374 1468 414 A
1481 369 2194 498 trameant}

1488 484 1523 538 ἵ
1546 485 2262 540 ὅῖΐΐῗξῖἵΐέΐῖἵὲἔέἕ

1599 597 1817 640 LIBER
1853 596 2242 632 SECUNDUS.

568 286 669 336 ,3391
997 278 1409 323 IOANNIS

528 378 672 416 Italiam
695 374 813 421 dixtffi
840 373 939 409 dacis
963 375 1004 409 de
1017 377 1148 409 nomine
1169 382 1315 422 gentem.

569 472 656 505 Haec
680 465 801 503 eadem
822 464 954 510 legerat
977 465 1068 511 apud
1087 464 1308 500 Aristotelem
1324 488 1335 505 ‚
1361 466 1422 510 qui

520 513 564 549 'de
593 518 745 562 antiquo
781 512 1033 544 communium
1057 521 1240 545 coenarum
1265 508 1325 544 usu
1351 510 1422 545 dis·

521 557 635 595 serens
659 583 671 600 ‚
699 557 822 603 inquit
846 577 857 593 ,
883 554 964 589 Illas
989 555 1188 602 quandoque
1202 555 1302 599 fmffi
1330 555 1420 603 apud

518 607 670 640 Laconas
684 627 695 644 ,
720 615 761 636 ex
774 602 884 644 insula
907 603 1005 634 Creta
1031 609 1186 643 regnante
1209 602 1339 639 Minoe,
1365 615 1416 634 or-

516 659 592 685 tas:
610 649 672 693 sed
697 646 905 690 antiquiores
932 644 1022 688 apud
1047 647 1218 678 Oenotrios·
1241 667 1252 683 ‚
1277 649 1337 693 qui
1362 655 1415 685 poa

511 696 581 740 stea
607 694 647 728 ab
674 691 758 730 Italo
779 689 862 724 duce
889 691 970 723 Itali
985 689 1072 731 sunt
1108 697 1242 722 mutato
1278 695 1412 724 nomine

519 742 636 774 vocati
664 764 673 774 .
697 741 785 771 Sunt
811 736 873 778 qui
899 735 1070 768 Antiochi
1107 735 1210 769 verba
1238 747 1313 774 eam
1342 739 1412 769 Ita-

520 786 575 819 liae
600 793 733 828 partem
756 779 922 823 respicere
946 777 1127 817 sentiunt,
1153 791 1228 825 quae
1242 779 1408 814 occiden-

517 830 598 863 talis
612 828 742 862 dicitur
768 826 861 857 intra
875 823 988 857 finum
1014 825 1267 870 Scyllaticum‚
1294 829 1322 858 ὃ(
1340 829 1406 860 La-

516 875 691 909 meticum
716 893 728 909 ,
759 870 833 903 loca
858 870 953 903 intra
977 866 1006 901 se
1031 868 1211 903 dimidiati
1237 868 1307 903 diei
1350 868 1444 907 iti-B

513 917 799 954 neredistantia,
825 913 950 947 multis
978 914 1064 947 olim
1078 911 1305 948 nobilissimis
1332 927 1410 960 pro-

513 963 655 996 ceribus
680 968 850 1000 occupata
878 960 909 991 86
933 961 1078 993 nomina
1103 956 1119 992 a
1141 958 1283 992 diversis
1308 958 1409 994 sorti-

513 1016 574 1041 ta:
599 1020 682 1041 nam
712 1008 742 1039 ὃ(
756 1002 911 1039 Ausonia
926 1025 937 1042 ,
962 1006 992 1037 &
1010 1006 1139 1038 Brettia
1154 1026 1164 1041 ,
1188 1006 1218 1037 δε
1233 1004 1408 1044 Calabria,

519 1054 551 1087 ¹&
576 1053 749 1086 Oenotria
773 1071 785 1087 ,
824 1051 855 1083 δε
879 1049 980 1083 Italia
1017 1050 1125 1083 variis
1150 1048 1280 1083 saeculis
1317 1049 1407 1086 diffisa

505 1097 557 1132 est
582 1111 592 1132 ς
619 1096 711 1131 unde
744 1097 775 1130 &
796 1095 859 1129 hos
877 1094 1057 1139 Jam'bicos
1090 1093 1206 1131 versus
1240 1092 1406 1131 afferunt:

515 1188 550 1223 'A
566 1197 652 1229 tergo
677 1187 722 1221 (Ill
733 1186 911 1220 dexteram
926 1184 994 1228 fita
1008 1186 1049 1226 est
1073 1187 1227 1219 Oenotria
1252 1193 1362 1229 terra,

516 1226 821 1282 Thyrslseniclssque
829 1229 922 1273 finus
936 1252 946 1269 ,
973 1243 1011 1265 ‘lc
1025 1233 1184 1276 Ligus-ire,

559 1329 612 1359 Px
640 1323 818 1369 Sophoclis
856 1323 997 1366 Tragici
1036 1330 1145 1365 poetae
1182 1324 1405 1367 Triptolemo

1468 688 1518 722 De
1533 686 1715 723 Phalantho
1733 711 1742 727 ‚
1771 690 1832 734 qtti
1859 689 2046 720 Tarentum
2065 688 2167 718 anxit
2186 685 2210 725 ,’
2223 688 2300 718 cuir!
2313 685 2365 726 'fi‘
2388 707 2390 710 v

1517 733 1586 768 lifts
1598 756 1609 772 ,
1623 733 1661 766 de
1678 734 1810 767 oraculo
1824 733 1878 766 illi
1891 733 1984 769 darc,
2000 732 2161 770 adventu,
2175 730 2320 776 receffits,

1838 789 1880 815 (ΞΜ
1897 787 2016 811 Hlorte.

1754 872 1950 905 CAP.
2035 870 2064 901 I.

1558 961 1759 995 Halantlius
1804 963 1912 996 etiam
1950 958 2117 994 secundus
2156 962 2361 996 Tarentinae

1465 962 1542 1064 P
1567 1005 1675 1041 Urbis
1703 1007 1821 1040 aut-ior
1859 1005 1937 1040 suos
1975 1005 2078 1039 habet
2107 1016 2324 1040 enarratores
2349 1030 2358 1045 ,

1567 1053 1649 1097 quia
1678 1055 1807 1096 partim
1831 1052 1985 1086 historici
2019 1071 2029 1086 2
2065 1055 2193 1095 partim
2218 1061 2325 1095 poetae
2350 1074 2361 1090 ,

1463 1096 1569 1132 modo
1592 1095 1670 1130 532
1693 1096 1733 1130 de
1759 1097 1822 1131 illo
1848 1097 2069 1141 loquuntur:
2098 1108 2158 1129 nos
2184 1097 2360 1140 imprimis

1466 1143 1532 1177 hac
1557 1144 1595 1176 in
1619 1153 1653 1175 re
1681 1151 1802 1188 praeter
1824 1142 2002 1188 Justinum
2030 1162 2040 1178 ‚
2084 1139 2287 1175 Pausaniam
2314 1141 2362 1174 se-

1468 1191 1612 1232 quimur
1646 1189 1675 1219 ὃῑ
1699 1188 1913 1232 Stephanum
1938 1199 1947 1219 2
1980 1188 2040 1226 qui
2067 1185 2127 1219 etfi
2155 1187 2248 1219 varia
2276 1185 2360 1219 scri-

1466 1233 1559 1268 bunt
1582 1254 1592 1270 ,
1620 1244 1682 1265 nos
1710 1241 1828 1266 tamen
1871 1235 1920 1266 ita
1942 1244 2014 1265 rem
2042 1240 2155 1264 texere
2179 1229 2335 1265 ordimur
2352 1254 2361 1268 ,

1464 1287 1504 1312 ut
1559 1280 1650 1311 rimo
1677 1278 1756 1311 loco
1781 1289 1922 1321 agamus
1948 1277 1988 1309 de
2017 1275 2110 1309 bello
2136 1276 2360 1315 Meffeniaco,

1463 1322 1589 1359 deinde
1615 1321 1655 1356 de
1672 1321 1744 1368 ipso
1770 1314 1975 1357 Pfialantho.
1999 1318 2184 1366 Ignoscant
2212 1319 2365 1360 obsecro,

511 1382 586 1416 quos
612 1369 730 1404 fabula
756 1379 830 1401 non
850 1359 960 1399 extat.
986 1366 1082 1410 Qd
1101 1367 1141 1400 de
1168 1369 1325 1403 Bar-baris
1353 1368 1444 1408 Si-C
1459 1368 1589 1414 quibus
1623 1369 1844 1412 principium
1881 1366 2065 1401 videbitur
2102 1366 2243 1411 longius
2267 1378 2362 1411 repe-

509 1417 623 1453 culis,
649 1413 733 1460 quid
761 1412 801 1445 de
828 1410 1055 1454 Aboriginib.
1082 1413 1173 1453 quod
1198 1413 1238 1446 de
1255 1413 1400 1459 Pelasgis

508 1463 596 1494 certi
623 1456 756 1503 aliquid
787 1456 875 1491 tradi
902 1459 1031 1499 poterit
1053 1479 1063 1494 ‚
1097 1467 1179 1491 cum
1200 1458 1320 1491 nullus
1359 1461 1397 1492 in

505 1507 558 1539 his
590 1506 726 1549 populis
765 1502 912 1546 scriptor
950 1499 1011 1535 fibi
1046 1502 1176 1536 constet
1201 1503 1217 1536 ἓ
1263 1502 1392 1537 Diserti

506 1555 746 1585 Romanorum
772 1549 840 1581 viri
865 1568 875 1583 ‚
912 1547 943 1577 86
968 1547 1003 1579 in
1027 1546 1079 1580 his
1106 1549 1243 1582 Por-tius
1277 1550 1392 1586 Cato,

504 1598 565 1639 qui
603 1591 870 1638 diligentissime
909 1588 1043 1636 scripsit
1080 1589 1120 1623 de
1147 1593 1393 1627 conditoribus

502 1642 707 1675 Italicarum
726 1637 869 1672 urbium
886 1658 896 1673 ⁷
921 1635 1093 1681 Caiusque
1109 1638 1334 1685 Sempronius
1362 1642 1393 1672 gc

500 1687 563 1720 alii
589 1686 727 1717 Graecos
751 1695 806 1716 eos
832 1680 1013 1715 affirmant
1040 1682 1102 1716 effe
1125 1704 1136 1721 ,
1163 1685 1286 1719 multis
1311 1693 1392 1718 ante

499 1731 636 1765 bellum
657 1730 854 1769 Troianum
885 1726 1046 1773 :etatibus
1073 1740 1114 1768 ex
1141 1730 1275 1764 Achaia
1312 1740 1392 1774 pro.

498 1775 604 1810 feSlos
628 1785 638 1813 ·,
661 1785 723 1809 nec
750 1783 868 1807 tamen
896 1771 1052 1806 distinffi‘e
1084 1773 1228 1808 tradunt
1255 1788 1297 1809 ex
1322 1785 1390 1819 qua

499 1825 619 1855 Graeca
645 1821 788 1853 natione
806 1839 816 1855 ,
842 1828 954 1863 quave
980 1816 1065 1850 urbe
1096 1820 1308 1864 migrarint:
1335 1817 1389 1853 sed

496 1879 542 1901 ‘ne
570 1875 709 1910 tempus
746 1862 890 1907 quidem
910 1884 922 1899 ,
962 1871 1022 1895 aut
1050 1864 1207 1898 Coloniae
1239 1863 1438 1909 ducem,D
1455 1866 1663 1901 instruerent
1680 1887 1689 1896 .
1717 1865 1869 1898 Notavit
1887 1864 2044 1899 AElianus
2069 1866 2107 1898 in
2130 1863 2222 1898 libro
2244 1875 2352 1909 quem
2392 1891 2395 1900 .

498 1923 612 1957 quove
633 1907 712 1944 casu
744 1909 929 1953 antiquam
958 1908 1167 1952 reliquerint
1200 1913 1353 1953 patriam
1377 1931 1388 1947 ⁹

497 1955 712 1990 ostendunt:
750 1961 894 1987 tantum
926 1950 1081 1987 fabulam
1116 1952 1224 1987 secuti
1253 1958 1395 1991 Graeco-

496 2010 578 2037 xum
605 2023 616 2039 ,
653 1999 788 2034 nullius
812 2000 924 2032 Graeci
955 1997 1108 2031 historici
1136 2011 1215 2033 eam
1240 2001 1395 2036 testimo-

498 2047 561 2081 nio
582 2042 828 2090 comprobant.
854 2042 915 2076 Sed
940 2053 1015 2088 quae
1039 2042 1079 2076 de
1104 2044 1299 2079 Cretenfib.
1324 2049 1395 2080 cir-

497 2089 768 2127 cumferuntur,
793 2089 937 2121 veritati
953 2090 1063 2132 magis
1076 2088 1288 2125 adhaerentia
1315 2094 1392 2126 exi-

497 2136 626 2170 stimo:
655 2145 738 2167 nam
764 2137 795 2168 &
820 2132 1050 2179 Hydruntum
1071 2157 1083 2173 ‚
1107 2137 1228 2179 Lupiae
1250 2157 1260 2174 ,
1284 2139 1388 2174 Uria,

500 2177 736 2215 Brundusium
758 2203 770 2219 ‚
810 2180 954 2212 Barium
992 2178 1033 2211 ad
1067 2191 1124 2213 eos
1151 2177 1169 2212 ἒι
1195 2182 1388 2220 Strabone,

498 2227 655 2260 Leonico
682 2226 711 2256 Sc
737 2225 894 2262 caeteris,
919 2225 979 2268 qui
997 2221 1037 2257 de
1054 2225 1108 2258 his
1134 2235 1244 2269 agunt
1269 2227 1390 2260 urbib.

495 2270 709 2305 referuntur.
745 2266 977 2313 Hydruntum
1003 2280 1020 2302 a
1046 2269 1239 2305 Cretensib.
1265 2271 1392 2306 condi-

495 2324 579 2351 tur,
602 2325 671 2359 quo
696 2323 852 2358 tempore
870 2315 1026 2347 maxima
1053 2324 1149 2349 terrae
1173 2314 1331 2355 siccitas,
1361 2320 1392 2351 &

495 2404 603 2438 sulam
626 2429 634 2437 .
675 2406 796 2448 Lupiae
831 2401 899 2437 five
926 2403 1085 2439 Aletium
1120 2404 1259 2440 dicatur
1284 2428 1294 2445 ,
1324 2413 1394 2452 Ly-

496 2453 593 2483 cium
610 2450 836 2483 Idomeneum
849 2448 957 2482 'habet
984 2450 1159 2485 aii-{iorem
1176 2476 1184 2483 .
1209 2453 1294 2485 Uria
1312 2455 1391 2489 illos

499 2493 682 2528 Cretenses
708 2516 719 2532 ,
757 2495 818 2537 qui
849 2504 931 2527 cum
981 2495 1103 2528 Minoe
1137 2498 1352 2540 navigarunt
1378 2522 1389 2539 ,

494 2540 632 2573 ‘au-Slore
659 2538 838 2574 Herodoto
855 2562 863 2571 .
884 2540 1110 2582 Brundufiztm
1139 2542 1213 2581 (ait
1240 2544 1360 2577 strabo
1378 2548 1389 2588 )

500 2584 666 2627 Oriens&
692 2583 841 2628 habitasti>
864 2604 874 2620 ,
915 2587 1083 2618 memoria
1112 2586 1290 2629 proditum»
1313 2590 1354 2626 es}
1378 2613 1389 2628 ‚

495 2632 556 2674 qai
580 2633 597 2661 12
623 2628 733 2674 Gnoffo
756 2639 833 2661 cum
861 2628 971 2670 Theseo
997 2629 1229 2674 discesserunt.
1247 2634 1389 2668 Barium

494 2674 564 2711 five
588 2675 756 2721 japygem
780 2673 823 2707 ab
845 2674 973 2719 Japyge
1001 2675 1131 2709 Daedali
1161 2675 1239 2711 filio
1273 2681 1389 2723 appel-

498 2721 646 2758 larunt,
672 2721 734 2763 qui
761 2720 877 2761 &ipse
899 2718 1073 2752 Cretensis
1099 2721 1316 2756 existimatus
1330 2724 1387 2758 est.

495 2767 551 2798 Sic
572 2768 601 2798 ὃς
621 2764 661 2799 de
678 2766 832 2799 Tarento
858 2766 1017 2798 invenies
1041 2776 1078 2797 ea
1093 2768 1206 2800 multa
1227 2777 1301 2811 quae
1328 2781 1390 2803 an-

497 2819 553 2844 tea
578 2808 705 2856 scripta
722 2807 824 2844 sunt.
855 2811 933 2843 Fuit
951 2809 1055 2842 Creta
1083 2808 1307 2846 &Curetibus
1328 2825 1387 2859 per

1457 1418 1568 1450 titum
1595 1435 1605 1450 ,
1633 1413 1789 1458 bonique
1816 1411 2001 1446 consulant
2047 1409 2081 1445 id
2110 1410 2240 1445 fafftum
2264 1413 2325 1446 esse
2351 1433 2362 1450 ,

1456 1463 1505 1494 ita
1530 1460 1628 1492 enim
1654 1457 1845 1491 dilucidior
1871 1458 2056 1503 apparebit
2095 1456 2255 1490 historica
2278 1470 2360 1491 nar·
2392 1482 2395 1487 ,

1455 1506 1559 1539 ratio.
1587 1502 1842 1537 Lacedaemonii
1870 1502 1991 1548 populi
2014 1502 2095 1536 sunt
2123 1504 2160 1535 in
2188 1503 2360 1548 Pelopon-
2392 1522 2393 1540 3

1451 1547 1531 1584 neso
1559 1569 1570 1586 ,
1608 1549 1670 1593 qui
1696 1550 1726 1580 ὃς
1754 1550 1908 1581 Lacones
1936 1545 2104 1581 dicuntur
2135 1570 2146 1586 ,
2178 1555 2285 1590 atque
2310 1546 2353 1580 ab

1450 1594 1536 1628 urbe
1548 1596 1667 1638 Sparta
1681 1594 1840 1637 Lycurgi
1873 1591 1978 1636 legib.
2004 1591 2164 1627 instituta
2185 1595 2202 1626 S
2231 1594 2359 1629 artani,

1450 1642 1576 1684 Spartae
1593 1660 1603 1677 ‚
1629 1640 1823 1682 Spartiatae.
1854 1640 1906 1672 De
1934 1637 2082 1672 illorum
2108 1639 2196 1673 mori
2228 1661 2237 1670 .
2263 1637 2360 1670 mul-

1451 1687 1479 1719 ti
1504 1681 1641 1728 aliquid
1671 1680 1832 1728 scripsere
1863 1705 1874 1721 ,
1898 1682 1988 1716 illud
2013 1683 2186 1729 praecipue
2224 1689 2357 1726 quanta

1449 1728 1557 1764 fuerit
1584 1726 1774 1762 eorundem
1798 1729 1927 1773 peritia
1965 1729 2003 1762 in
2025 1727 2097 1762 reb.
2130 1739 2212 1763 cum
2236 1730 2267 1761 δε
2292 1726 2358 1762 foe-

1449 1778 1555 1810 minae
1577 1776 1587 1807 i
1617 1771 1732 1807 sorum
1758 1773 1894 1808 bellum
1924 1782 2106 1817 gererent,
2136 1786 2180 1809 ne
2197 1773 2282 1808 dum
2301 1776 2354 1807 vi-

1451 1824 1478 1855 ri
1499 1819 1585 1859 Qfilio
1602 1830 1667 1864 que
1694 1817 1736 1851 ad
1762 1830 1856 1852 arma
1894 1830 1911 1851 a
1939 1820 2066 1859 primis
2102 1830 2223 1854 eorum
2249 1819 2353 1851 annis

1453 1909 1576 1945 scribit
1610 1909 1651 1944 de
1673 1912 1772 1943 varia
1798 1909 1937 1943 historia
1971 1933 1980 1942 .
2007 1907 2355 1944 Lacedaemoniorum

1452 1965 1631 1992 matronas
1657 1977 1667 1993 ‚
1694 1962 1870 2000 quotquot
1895 1953 2105 1988 audivissent
2131 1954 2207 1989 suos
2230 1958 2268 1989 in
2292 1964 2359 1999 pu-

1453 2013 1520 2046 gna
1549 1998 1705 2034 cecidisse
1728 1998 1845 2038 filios,
1877 1999 1974 2032 abire
1988 1999 2122 2039 solere,
2149 2003 2180 2034 &
2202 2001 2354 2035 vulnera
2392 2025 2395 2032 .

1453 2047 1597 2080 illorum
1624 2044 1793 2090 inspicere
1809 2054 1882 2079 tarn
1913 2043 2060 2083 adversis
2092 2057 2199 2092 quam
2228 2044 2353 2081 aversis

1450 2090 1582 2126 infliffta
1607 2090 1810 2136 corporibus
1834 2103 1843 2123 ε
1876 2090 1899 2123 sl
1926 2091 2026 2135 plura
2062 2103 2104 2125 ex
2131 2089 2272 2127 adverso
2298 2088 2347 2123 es-

1451 2134 1524 2169 sent
1553 2132 1640 2168 fasta
1667 2156 1677 2173 ,
1705 2146 1787 2170 cum
1812 2134 1941 2180 gaudio
1968 2156 1980 2172 2
2014 2139 2111 2180 gravi
2140 2139 2170 2170 «Sc
2197 2134 2353 2171 terribili

1450 2182 1553 2214 vultu
1571 2202 1582 2218 ,
1610 2181 1647 2212 in
1671 2183 1848 2214 maiorum
1875 2183 1970 2214 avita
2001 2192 2236 2217 monumenta
2257 2182 2351 2214 occi-

1451 2225 1501 2259 sos
1526 2225 1617 2259 filios
1642 2223 1854 2269 deportare:
1880 2224 1930 2259 sin
1957 2228 2027 2260 alio
2054 2229 2091 2260 in
2118 2229 2195 2260 loco
2222 2226 2350 2260 vulne-

1450 2283 1485 2305 ra
1513 2270 1720 2315 accepissent
1747 2291 1757 2307 ,
1786 2271 1917 2314 pudore
1940 2270 2057 2305 ‹lu-§ias
2090 2270 2348 2319 lachrymisque

1449 2314 1622 2349 consensi-³8
1654 2336 1665 2352 ³
1693 2326 1799 2360 quam
1826 2314 1984 2350 maxime
2017 2325 2181 2360 poterant
2208 2315 2353 2351 clande-
2394 2341 2395 2346 ,

495 2360 576 2395 toeli
603 2357 757 2393 aestuosus
785 2357 920 2404 squalor
946 2359 1089 2393 Cretam
1119 2364 1306 2405 occupavit
1338 2366 1432 2407 in-E
1450 2361 1535 2395 stina
1561 2358 1642 2404 fuga
1666 2360 1837 2396 discedere
1877 2362 2006 2395 reliftis
2031 2364 2179 2396 mortuis
2205 2384 2217 2401 ‚
2247 2370 2285 2394 ut
2311 2364 2351 2394 in
2393 2354 2395 2402 J

1451 2408 1632 2439 communi
1660 2403 1841 2450 sepulchro
1860 2408 2112 2441 humarentur:
2140 2406 2346 2441 aut-furtim

1450 2450 1622 2494 suste-ptos
1649 2452 1685 2484 in
1708 2449 1933 2485 domesticam
1958 2450 2171 2495 sepulturam
2196 2449 2343 2486 deferre.

1450 2495 1721 2531 Praecelluerunt
1754 2494 1885 2541 semper
1925 2495 2022 2531 fac‘Hs
2053 2500 2164 2542 magis
2189 2519 2200 2536 ‚
2237 2507 2345 2542 quam

1450 2542 1667 2586 loquacitate
1695 2553 1703 2573 :
1755 2543 1849 2575 itaut
1886 2542 1930 2577 ab
1956 2541 2035 2584 ipsis
2061 2541 2348 2587 breviloquentia

1449 2582 1678 2621 Laconismus
1699 2586 1789 2620 ditia
1817 2586 1858 2621 lit
1880 2609 1892 2626 ,
1922 2586 2203 2633 paucissimisque
2226 2584 2345 2621 verbis

1449 2630 1637 2664 sententias
1656 2632 1982 2676 comples-iebantur
1994 2631 2223 2676 gravissimas.
2252 2628 2344 2664 Mes-

1447 2675 1532 2709 senii
1554 2697 1565 2712 ‚
1598 2679 1659 2719 qui
1686 2676 1862 2710 Meffenen
1887 2678 2028 2712 Achaiae
2066 2677 2189 2712 urbem
2215 2677 2342 2711 floren-

1449 2718 1618 2755 tissimam
1641 2742 1652 2758 ,
1681 2724 1710 2753 8(
1738 2722 1880 2766 angusto
1906 2721 1999 2757 freto
2025 2724 2263 2768 propinquam
2285 2723 2345 2753 in-

1448 2765 1612 2799 colebant
1637 2788 1647 2803 ,
1681 2767 1911 2803 ‘honestiffimi
1936 2768 2081 2812 quidem
2105 2770 2201 2806 viri,
2224 2769 2255 2799 &
2277 2766 2341 2810 qui

1446 2823 1489 2845 ex
1515 2808 1599 2843 urbe
1614 2809 1672 2845 sua
1698 2813 1890 2856 Epicureos
1916 2813 2118 2856 expulerint
2135 2834 2145 2850 ,
2171 2823 2233 2845 ceu
2259 2811 2343 2843 alias

497 2858 682 2899 syncopen
714 2853 802 2889 dic-'ta
818 2878 829 2894 ‚
857 2856 1049 2898 nonaginta
1070 2855 1198 2891 habuit
1220 2860 1437 2902 civitates,F
1458 2857 1606 2891 Romani
1623 2856 1779 2899 Alcaeuin
1804 2859 1836 2890 δε
1850 2857 2042 2893 Philiscum
2057 2879 2068 2894 τ
2088 2855 2232 2903 eoquod
2249 2855 2344 2889 mul·
2394 2855 2395 2888 J

494 2902 525 2933 ὃ(
553 2909 734 2945 propterea
772 2899 815 2934 ab
844 2905 997 2936 Homero
1026 2901 1255 2934 εἰψεισικις-ίπελις
1280 2905 1398 2949 appel-
1456 2911 1571 2935 tarum
1607 2900 1858 2945 flagitiosarum
1889 2903 2081 2936 libidinum
2118 2903 2271 2936 auetores
2296 2899 2345 2933 es-

495 2945 611 2982 latur,
639 2947 713 2978 eius
740 2944 1020 2992 antiquiffimam
1047 2950 1171 2992 Remp.
1196 2950 1317 2982 Minos
1343 2961 1397 2990 Ju-

497 2988 648 3023 stiffimis
671 2989 777 3034 legib.
810 2990 996 3025 constituit
1020 3015 1028 3024 .
1069 2993 1252 3027 Cretenses
1279 3005 1397 3039 quon-

495 3033 576 3067 dam
604 3037 691 3069 mari
718 3036 897 3079 imperasse
924 3056 935 3073 2
958 3036 989 3067 ὃ(
1015 3049 1135 3071 omnes
1170 3040 1307 3073 Graecas
1340 3041 1397 3074 in-

493 3076 586 3111 sulas
615 3088 676 3114 aut
704 3078 867 3126 subegisse
896 3103 907 3119 ,
936 3089 995 3114 aut
1018 3081 1184 3117 habitasse
1209 3105 1218 3122 ,
1245 3083 1394 3120 dimiffis

497 3120 538 3155 eb
564 3124 698 3157 colonis
725 3124 829 3160 refert
857 3125 1060 3160 Aristoteles
1085 3152 1093 3160 .
1134 3130 1276 3163 Omitto
1307 3131 1391 3169 illa,

497 3178 574 3209 quae
597 3166 615 3200 a
643 3170 715 3202 Noe
753 3168 857 3215 usque
881 3170 921 3203 ad
947 3172 1135 3206 Saturnum
1176 3173 1391 3208 referuntur:

501 3212 591 3245 Cam
613 3211 746 3247 scilicet
772 3215 922 3259 genuisse
948 3216 1044 3256 Cus,
1068 3219 1098 3251 δι
1125 3219 1196 3252 Cus
1220 3218 1394 3254 Nembro-

499 3255 623 3304 thum,
650 3259 680 3289 Sc
708 3258 969 3293 Nembrothum
997 3263 1164 3303 Cretem,
1192 3262 1296 3309 aquo
1311 3266 1396 3298 Cre-

499 3302 634 3333 tenses:
661 3302 790 3336 Creten
819 3304 958 3339 Goelum
977 3327 986 3343 ‚
1012 3308 1151 3342 Coelum
1177 3312 1393 3348 Saturnum,

496 3348 690 3380 Saturnum
715 3349 833 3393 Jovem
859 3346 958 3390 aquo
984 3350 1053 3384 suit
1083 3365 1190 3398 regno
1217 3353 1394 3397 expulsus,

497 3400 578 3423 cum
619 3394 785 3436 Neptuno
811 3414 822 3430 ‚
857 3395 889 3426 &
924 3395 1070 3428 Plutone
1097 3419 1108 3435 ‚
1149 3398 1284 3434 fortass'e
1322 3411 1394 3434 non

499 3436 636 3468 omnib.
664 3437 833 3479 placitura
857 3445 897 3470 ut
920 3437 1089 3484 superflua
1105 3463 1115 3478 ,
1139 3445 1169 3475 5<
1192 3455 1319 3489 magna
1340 3456 1395 3481 re-

491 3490 570 3514 rum
595 3479 822 3516 dicendarum
849 3484 970 3527 inopia
996 3485 1195 3521 mendicata
1213 3511 1222 3521 .
1379 3485 1393 3488 ”

1453 2945 1528 2980 sent
1544 2944 1819 2980 adolescentibus
1836 2949 1948 2982 Divus
1963 2949 2203 2992 Hieronymus
2223 2946 2343 2979 adver·

1454 2991 1507 3025 sus
1530 2990 1760 3036 jovinianum
1787 3015 1798 3031 ,
1825 3004 1900 3027 eam
1926 2991 2024 3026 fuisse
2051 2992 2263 3037 populorum
2290 2991 2345 3022 in·

1453 3046 1504 3070 ter
1523 3038 1554 3072 se
1574 3037 1716 3071 istorum
1739 3040 1936 3071 amicitiam
1963 3035 2091 3075 refert,
2115 3045 2157 3069 ut
2179 3037 2343 3081 aliquan—

1451 3080 1519 3121 do,
1541 3081 1763 3126 quorundam
1790 3080 1968 3117 sacrorum
1996 3084 2109 3126 gratia
2130 3082 2287 3125 virgines
2300 3077 2343 3111 ad

1449 3125 1479 3160 se
1505 3125 1630 3162 mutui)
1644 3129 1786 3161 mittere
1811 3139 1880 3161 non
1902 3126 2132 3161 erubuerint.
2159 3129 2342 3169 Regnante

1451 3172 1561 3217 igitur
1583 3170 1672 3215 apud
1694 3172 1959 3206 Lacedaemonas
1976 3170 2168 3216 Polydoro,
2185 3172 2247 3215 qui
2273 3170 2342 3201 Te·
2392 3184 2395 3209 2,

1450 3217 1540 3252 leclo
1569 3214 1768 3251 successerat
1793 3239 1804 3255 ‚
1841 3220 1901 3263 qui
1935 3216 2004 3251 fuit
2039 3228 2152 3250 annus
2190 3213 2235 3248 ab
2262 3213 2343 3262 orbe

1452 3261 1595 3296 condito
1620 3270 1742 3306 quater
1775 3262 1980 3297 millesimus
2004 3284 2015 3300 ,
2042 3260 2343 3306 quadringentesi-

1451 3318 1530 3341 mus
1544 3328 1555 3344 ,
1582 3308 1610 3339 &
1626 3307 1933 3352 quinquagefimus
1947 3307 2113 3352 septimus
2138 3308 2228 3339 circa
2245 3305 2344 3348 prin-

1452 3354 1590 3398 cipium
1611 3363 1711 3386 nonoe
1731 3350 1978 3398 Olympiadis,
2005 3354 2036 3385 δε
2059 3353 2151 3385 circa
2174 3349 2338 3385 oecavum

1451 3408 1586 3430 annum
1615 3399 1766 3431 Romani
1795 3399 1937 3443 imperii
1963 3395 2024 3429 sub
2040 3396 2190 3431 Romulo
2217 3395 2344 3427 Gemi-

1450 3453 1578 3477 norum
1606 3443 1739 3480 altero,
1773 3443 1927 3476 extintsto
1950 3441 2059 3476 fratre
2086 3444 2214 3478 Remo,
2241 3439 2339 3471 velu-

1451 3488 1478 3522 ti
1506 3488 1622 3522 aufftor
1649 3488 1690 3522 est
1723 3486 1890 3523 Eusebius
1918 3509 1929 3527 2
1956 3490 1985 3522 δε
2013 3494 2092 3528 ante
2118 3485 2243 3521 Christi
2271 3482 2339 3516 Sal-

2198 3538 2296 3564 vato·
