2404 3882
6 337 27 350 -,.
43 345 61 361 ι,

0 359 26 380 ΜΤ.
36 362 60 386 ’,θ’

0 383 18 401 μ

0 3443 1 3447 ’
51 3432 123 3475 Qi
145 3435 176 3466 δε
199 3435 285 3469 alibi
309 3438 360 3469 ait
386 3447 395 3467 :

53 515 57 580 l
107 495 175 564 igme
200 539 280 572 agro
304 531 556 565 chalcanthum
582 529 734 566 nascitur
756 555 768 572 ,
794 537 824 569 &
849 547 907 570 cos
931 537 1004 570 ole-

176 260 256 302 265·
324 254 414 294 DE
446 254 1014 312 ANTIQHTATE‚

1041 257 1128 300 ET
1157 258 1328 300 SITU
1356 259 1741 305 CALABRIAE
1808 268 1890 307 256

112 356 168 383 tus
191 348 234 380 est
261 348 492 381 Gemi-‘lisinam
518 349 686 397 oppidum
707 373 719 388 ,
757 352 849 398 quod
878 353 1142 395 Creta-Aillud
1178 354 1397 388 crotoniatis
1423 352 1580 388 adimens
1609 355 1833 391 Locrensium
1869 358 1959 397 iuris·

2 384 61 446 „gl
109 391 168 427 lus
191 395 304 426 amnis
330 394 532 440 praeterfluit
553 416 565 433 ,
593 394 682 438 abest.
709 408 727 429 a
753 399 926 438 Scyllaceo
951 414 1001 436 m.

55 453 59 487 ἐ
109 450 146 485 p.
170 449 295 472 novem
311 461 323 478 ‚
347 453 366 474 a
394 436 482 472 freto
506 439 692 475 duodecim
713 465 722 474 .
755 439 934 491 Oppidani
959 447 1004 479 li.

140 485 211 516 neis
235 482 320 520 vasis
344 483 575 520 conficiendis
601 497 732 520 navant
757 500 897 535 qfleram
923 516 933 525 .
960 493 1003 524 ln

107 574 180 607 aria
203 576 277 607 oleo
302 577 441 611 trahens
466 577 595 610 aciem.
623 579 677 612 Ex
700 578 764 613 hoc
789 579 918 625 oppido
933 579 1002 615 suit

106 616 272 652 Tiberius
300 621 454 656 Rosellus
480 621 706 668 philosophus
732 625 917 669 Augustini
936 626 1000 660 Ni-

105 664 182 709 phae
205 663 342 701 auditor
369 691 378 699 .
427 668 501 709 Qui
539 669 686 713 Neapoli
711 669 782 715 post
807 681 998 716 praecepto-

102 719 178 763 rem
204 707 304 746 suum
328 714 486 757 primum
511 712 629 748 locum
657 716 750 749 inter
777 715 997 762 philosophos

100 754 284 792 obtinebat
310 783 321 792 .
352 758 482 792 Salerni
509 757 624 802 plures
647 771 757 795 annes
783 761 997 809 philosophi-

100 813 157 836 am
184 802 326 849 publice
349 804 392 839 est
419 801 598 846 professus.
623 803 709 839 Inde
733 806 860 842 Africae
883 807 997 843 visen-

98 850 150 883 dae
175 851 363 893 impatiens
387 861 463 884 eam
489 847 575 883 adiit
600 872 611 889 ,
645 850 707 884 ubi
731 865 749 886 a
774 852 834 886 suo
857 849 1029 891 manci-B

100 896 161 936 pio
188 892 304 939 sopore
344 893 496 941 sepultus
531 895 733 930 interfeStus
769 898 842 932 est.
880 901 990 943 Viget

100 938 206 973 modo
237 939 386 984 joannes
425 938 660 986 Crysostomus
697 941 772 977 divi
813 943 989 979 Bene-dieti

95 985 296 1020 Monachus
328 986 482 1031 spes-'tatae
507 989 590 1021 vitae
610 989 666 1021 vir
694 990 821 1023 Latina
844 993 874 1023 δε
895 991 991 1022 Grae-

75 1040 135 1073 ‘ca
170 1030 292 1073 lingua
329 1030 485 1076 impense
511 1031 670 1067 eruditus
700 1031 994 1078 Archiepiscopus

93 1075 364 1120 Dyrrhachinus
388 1088 438 1110 m.
454 1088 489 1123 p.
501 1078 577 1113 osio
596 1077 640 1113 ab
663 1078 791 1122 oppido
814 1081 903 1113 divae
918 1079 996 1111 Ma-

90 1122 152 1157 11ae
174 1133 194 1155 a
218 1120 361 1157 Coratio
387 1126 600 1166 cognomine
618 1124 794 1170 templum
817 1133 913 1158 extat
928 1123 990 1156 Ci-

87 1165 323 1204 ·flerciensium
337 1169 591 1205 monachorum
605 1170 809 1205 coenobium
822 1169 883 1204 ubi
898 1168 991 1202 mul-

88 1220 207 1246 torum
232 1209 428 1246 sanatorum
453 1211 557 1249 frusta
582 1215 795 1251 asservantur
822 1239 833 1249 .
859 1213 914 1249 Ad
937 1210 987 1246 se-

89 1254 246 1309 cundum
284 1257 437 1300 lapidem
462 1270 480 1293 a
505 1261 711 1296 Gemiliano
744 1263 890 1307 Tyrium
924 1268 990 1301 op·-

87 1299 214 1346 pidum
239 1302 283 1338 est
309 1301 584 1342 vetustissimum
619 1305 714 1340 edito
751 1306 828 1340 loco
853 1304 958 1340 situm
975 1325 987 1342 ,

1059 398 1170 434 fecit.
1205 400 1297 432 Tota
1323 410 1449 445 nempe
1473 411 1530 433 ora
1555 399 1626 434 haec
1652 412 1671 433 a
1696 401 1835 435 Caecino
1861 404 1957 448 prius

1059 444 1180 481 urdixi
1194 467 1206 481 ,
1221 443 1300 479 inde
1317 457 1333 478 a
1349 445 1492 479 Crotalo
1506 446 1601 479 amni
1617 442 1722 491 usque
1735 445 1775 478 ad
1791 448 1954 490 Hyliam,

1059 501 1156 526 nunc
1183 491 1379 525 Triontum
1415 490 1548 525 flumen
1585 487 1646 523 sub
1667 489 1954 528 Crotoniensium

1060 535 1196 571 ditione
1219 545 1292 569 erat
1313 549 1323 570 ε
1351 534 1393 571 ab
1420 535 1531 580 Hysia
1555 545 1640 569 vero
1662 533 1768 581 usque
1790 534 1832 570 ad
1856 538 1948 579 Aca-1

1059 582 1223 616 landrum
1246 580 1378 617 flumen
1400 581 1632 615 Thuriorum.

1055 655 1957 771 {retestaaaeaae

1172 806 1406 840 LIBER
1453 803 1826 849 QUARTVS

1149 894 1208 930 0st
1230 897 1413 932 Crotalum
1434 895 1565 931 flumen
1595 898 1799 930 Catazanum
1820 896 1950 931 civitas

1161 941 1292 976 nobilis
1329 950 1425 976 extat
1459 943 1552 976 inter
1589 940 1773 976 Crotalum
1809 941 1951 986 ipsum,

1165 989 1195 1019 δε
1210 988 1349 1020 Allium
1376 997 1496 1020 amnes
1521 984 1616 1018 edito
1631 1006 1641 1023 ,
1658 984 1855 1034 salubrique
1881 985 1950 1021 situ.

1049 1037 1164 1070 locata
1190 1052 1202 1069 ι,
1236 1031 1306 1065 loci
1334 1039 1459 1066 natura
1487 1035 1518 1066 δε
1545 1028 1626 1066 inde
1652 1042 1761 1065 manu
1781 1033 1949 1071 munita3

1050 1079 1152 1114 distat
1177 1091 1196 1113 a
1219 1075 1310 1112 freto
1334 1089 1383 1111 m.
1399 1085 1444 1156 Β).
1469 1075 1547 1114 sex,
1572 1087 1591 1108 a
1619 1076 1794 1122 Scyllaceo
1816 1074 1948 1110 duode-

1048 1127 1120 1160 cim
1135 1123 1202 1162 ,est
1227 1120 1319 1156 sedes
1339 1123 1393 1167 epi
1411 1122 1557 1167 copalis.
1580 1123 1729 1155 Novum
1743 1132 1840 1166 opus.
1864 1122 1946 1156 Fuit

1047 1179 1166 1205 autem
1192 1181 1210 1202 a
1233 1169 1374 1212 ‘Fagitio
1410 1165 1869 1210 Nicephori'lmperatoris
1906 1167 1948 1201 in.

1046 1214 1153 1251 Italia
1179 1221 1402 1260 procuratore
1426 1211 1638 1250 conditum,
1653 1210 1722 1256 post
1749 1211 1948 1246 vastitatem.

1043 1272 1146 1298 eam,
1172 1270 1280 1304 quam
1301 1254 1464 1292 universa
1489 1254 1675 1294 Calabria,
1702 1257 1884 1293 Lucania,
1911 1258 1947 1289 δε

1045 1306 1175 1352 Apulia
1201 1302 1351 1349 perpessa
1377 1302 1443 1337 est.
1468 1299 1641 1336 Condidit
1668 1303 1777 1335 etiam
1790 1302 1947 1345 Fagitius

85 1345 188 1381 distat
213 1361 231 1383 a
253 1346 342 1383 freto
367 1350 700 1395 m.p.duodecim,a
725 1352 900 1399 Scyllaceo
923 1361 985 1383 no·
998 1349 1107 1397 Cipse
1130 1353 1168 1385 in
1193 1350 1258 1384 hac
1285 1348 1370 1383 vrbe
1386 1345 1574 1382 Ecclesiam
1599 1348 1636 1380 in
1661 1346 1831 1382 honorem
1868 1347 1945 1381 Mi·

86 1403 188 1426 vem.
214 1394 292 1427 Fuit
317 1393 360 1429 ab
385 1396 658 1432 Atheniensibus
685 1406 747 1432 aut
771 1396 983 1432 conditum,

82 1446 148 1472 -aut
172 1437 315 1473 dedueia
342 1442 481 1476 colonia
497 1464 510 1482 ‚
543 1444 702 1478 Hierone
725 1443 890 1479 ducqore2
915 1443 985 1475 Cir·

83 1485 173 1517 citer
198 1486 342 1533 Olymp.
387 1486 678 1534 septuagesimam
715 1509 728 1527 ‚
764 1497 805 1522 ut
844 1487 981 1521 Plutar-

81 1527 169 1561 chus
185 1531 232 1580 ‘in
258 1533 362 1568 Nicia
396 1532 504 1567 tradit
524 1557 534 1566 .
570 1534 645 1568 Ubi
672 1532 716 1567 sic
741 1536 791 1567 ait
815 1544 826 1566 z
853 1534 980 1566 Hieron

83 1571 217 1610 colontae
241 1599 253 1615 ,
289 1591 394 1620 quam
419 1576 633 1621 Athenienses
656 1581 692 1612 in
712 1581 852 1615 ltaliam
886 1577 982 1619 misk-

80 1627 167 1671 rrmt
193 1641 205 1658 υ
227 1623 341 1658 durior
378 1623 578 1667 constitutus
594 1625 678 1668 fuit
695 1645 708 1662 ,
734 1624 778 1660 ὠ·
802 1625 984 1670 Tyriorum

79 1666 262 1700 czvitatem
288 1669 495 1714 adificavit.
531 1670 633 1703 Licet
657 1668 803 1714 quidam
827 1668 984 1703 Thurio-

76 1719 158 1744 rum
186 1712 303 1758 legant
329 1739 339 1748 .
375 1715 435 1751 Sed
460 1725 561 1760 porro
596 1713 840 1748 allucinantur
865 1724 877 1753 3
899 1723 983 1749 nam.

80 1756 259 1806 Timrium
295 1761 474 1795 coloniam
514 1759 662 1793 deduxit
701 1759 850 1794 Pericles
877 1780 888 1796 ,
913 1769 983 1802 quo

77 1810 161 1854 cum
197 1805 274 1838 sene
312 1808 434 1840 Nicias
471 1807 610 1839 iuvenis
648 1814 835 1849 praeturam
859 1800 982 1849 gessit.

78 1848 152 1880 ch
189 1847 305 1885 caseus
339 1849 598 1886 laudatissimus
623 1848 664 1885 fit
691 1876 699 1884 .

76 1891 237 1928 sublimis
274 1896 457 1931 nobilibus
483 1894 598 1931 herbis
625 1892 899 1930 medicinalibus
928 1905 980 1927 re-

74 1937 184 1972 fertus
211 1962 222 1978 ,
246 1938 328 1977 sunt
351 1943 447 1976 enim
484 1942 668 1986 Aper-nini
693 1942 776 1986 juga
796 1964 805 1974 .
842 1942 884 1974 In
911 1938 978 1973 hoc

73 1995 156 2028 agro
187 1987 287 2020 vicus
311 1987 356 2022 est.
380 1988 590 2032 Sitigianum
623 2008 636 2024 ,
664 1997 729 2021 nec
755 1985 856 2030 longe
880 1985 976 2019 Mar-

72 2032 225 2066 cionaria
238 2035 339 2067 vicus
353 2033 452 2066 alter.
464 2030 546 2066 Inde
565 2030 698 2066 fretum
711 2030 873 2066 redeunti
884 2029 972 2063 Aro-

70 2073 131 2107 cha
155 2077 334 2111 castellum
360 2079 518 2114 occurrit
541 2098 555 2116 ,
579 2077 674 2121 quod
711 2076 876 2110 Crotalus
903 2075 969 2109 flu-

71 2121 352 2156 vius‘adlabitur
372 2147 381 2156 .
419 2127 472 2157 Ex
506 2121 572 2158 ‘noc
603 2122 742 2157 castello
779 2119 850 2153 fuit
876 2124 972 2165 Aga-

70 2166 168 2200 thius
192 2166 428 2202 Guidacerius
452 2167 622 2212 presbiter
650 2169 797 2212 integrae
818 2167 970 2201 vitaevir

68 2214 224 2260 Latina,
239 2213 384 2251 Graeca,
407 2215 438 2246 δε
464 2213 639 2247 Hebraica
662 2213 784 2257 lingua
811 2209 970 2257 apprime

66 2257 226 2292 eruditus
262 2283 271 2291 .
322 2261 438 2295 Romoe
485 2257 676 2293 Hebraicas
730 2259 851 2292 literas
910 2266 974 2300 ru·-

67 2301 160 2336 blice
185 2303 308 2337 docuit
346 2308 462 2338 Leone
481 2306 512 2337 <Se
539 2303 724 2338 Clemente
755 2306 860 2338 Pont.
884 2300 969 2336 Inde

1041 1396 1176 1435 chaelis
1189 1394 1427 1439 Archangeli,
1453 1403 1562 1439 quam
1578 1392 1772 1438 Stephanus
1800 1392 1949 1426 Archia

1041 1442 1201 1490 piscopus
1228 1439 1405 1485 Rheginus
1431 1435 1652 1473 consecravit
1674 1461 1683 1472 .
1725 1437 1872 1472 Diuum
1896 1436 1944 1472 est

1041 1499 1163 1522 autem
1199 1485 1419 1519 Catazanum
1446 1495 1464 1517 a
1494 1481 1614 1517 Cathzo
1645 1482 1752 1517 verbo
1788 1484 1940 1520 Graeco,

1063 1531 1133 1568 uod
1171 1528 1345 1573 significat
1384 1529 1480 1562 sedeo
1504 1550 1516 1568 ,
1554 1526 1646 1574 qubd
1683 1527 1752 1562 hoc
1784 1527 1941 1562 conden-

1037 1545 1087 1614 da:
1125 1573 1222 1610 urbis
1259 1575 1338 1610 loco
1365 1573 1529 1614 detesto,
1566 1575 1625 1609 hic
1663 1571 1888 1607 consederint
1923 1588 1937 1606 .-

1042 1624 1115 1659 Vel
1147 1633 1166 1655 a
1202 1627 1281 1653 cata
1318 1618 1400 1654 idest
1439 1616 1536 1664 super
1573 1641 1583 1658 ,
1620 1620 1652 1652 δε
1687 1620 1754 1653 Zao
1791 1618 1856 1654 hoc
1896 1616 1943 1652 esi:

1041 1671 1128 1706 vivo
1147 1689 1159 1706 .,
1185 1667 1216 1699 ἕῐ.
1242 1676 1319 1698 oros
1345 1664 1427 1700 idest
1453 1676 1576 1703 mons,
1601 1662 1693 1706 quod
1716 1664 1816 1710 super
1841 1663 1940 1698 hunc

1041 1722 1202 1751 montem
1229 1731 1241 1748 ‚
1279 1712 1365 1744 aeris
1404 1713 1571 1755 temperie
1608 1710 1759 1754 coelique
1786 1709 1938 1742 amoeni-

1041 1769 1114 1795 tate
1149 1755 1367 1803 praestantem
1390 1778 1401 1794 ‚
1432 1754 1576 1789 condita
1607 1753 1646 1788 fit
1682 1754 1763 1788 u=bs
1790 1778 1800 1787 .
1826 1750 1934 1787 Vnde

1039 1806 1244 1839 Catazarum
1268 1800 1347 1836 esset
1369 1799 1575 1847 appellanda
1602 1825 1612 1834 .
1635 1800 1696 1842 Qu
1709 1814 1721 1832 2·
1748 1798 1833 1833 adeo
1856 1809 1940 1832 coa-

737 1853 844 1884 Extat
880 1843 1026 1886 monsD
1041 1853 1109 1886 luit
1135 1871 1147 1889 ,
1181 1857 1222 1882 ut
1259 1847 1323 1882 hac
1358 1846 1560 1891 tempestate
1583 1847 1677 1884 inter
1712 1847 1843 1895 primis
1871 1843 1939 1876 Ca-

1038 1897 1156 1931 labriae
1180 1892 1282 1927 urbes
1317 1900 1569 1926 annumeretur
1593 1916 1602 1924 .
1641 1891 1713 1924 Hic
1740 1891 1856 1924 omnis
1880 1899 1938 1934 ge-

1037 1943 1164 1979 neris,
1190 1941 1222 1975 86
1248 1936 1468 1972 versicolores
1497 1935 1611 1971 [erices
1638 1936 1769 1978 panni,
1795 1936 1825 1968 δι
1848 1937 1872 1967 ii
1897 1934 1941 1966 o-'

1032 1988 1139 2034 ptimi
1166 1993 1336 2019 texuntur
1362 2004 1374 2021 ,
1401 1981 1529 2027 quibus
1556 1978 1786 2016 conficiendis
1823 1987 1937 2014 tzxto-

1031 2046 1082 2068 res
1109 2029 1234 2065 adsunt
1261 2029 1410 2075 plurimi
1438 2050 1449 2066 ,
1485 2027 1676 2073 telariaque
1715 2025 1868 2070 plurima
1894 2026 1936 2060 in.

1027 2091 1066 2114 ea
1089 2078 1170 2112 sunt
1193 2101 1202 2110 .
1240 2079 1283 2111 In
1308 2072 1376 2108 aede
1404 2071 1626 2118 Episcopali,
1653 2070 1748 2104 beati
1775 2070 1933 2104 Vitalia-

1028 2126 1065 2159 ni
1091 2121 1249 2158 membra
1273 2121 1410 2165 aliquot
1436 2139 1447 2156 ,
1475 2120 1506 2151 Sc
1531 2118 1625 2151 beati
1665 2114 1817 2149 Teodoti
1855 2116 1938 2149 bra-

1025 2170 1149 2204 chium
1186 2165 1403 2200 ass‘ervantur
1428 2188 1438 2196 .
1478 2166 1599 2209 Nuper
1638 2160 1779 2196 excessit
1815 2172 1833 2194 e
1858 2161 1934 2194 vita

1026 2215 1177 2261 Joannes
1210 2209 1361 2258 Jacobus
1401 2208 1548 2245 Parisios
1586 2207 1692 2242 huius
1717 2206 1814 2240 urbis
1839 2207 1936 2240 civis*

1028 2256 1253 2307 philosophus
1278 2280 1288 2289 .
1325 2255 1399 2298 Qui
1436 2254 1602 2294 Patavii,
1634 2254 1665 2286 Sc
1691 2250 1773 2286 inde
1810 2255 1934 2288 Romaeg'

1029 2307 1142 2345 plures
1176 2312 1286 2336 annos
1323 2298 1582 2346 philosophiam
1608 2296 1751 2346 publice
1776 2296 1820 2330 est
1851 2307 1935 2344 prof

65 2346 281 2383 bibliotheca
295 2360 402 2395 quam
427 2348 545 2384 multo
571 2348 680 2383 studio
694 2347 758 2381 fibi
789 2344 1149 2392 compara-Efeffus.
1181 2343 1322 2392 Scripsit
1346 2345 1443 2391 super
1465 2346 1617 2391 primam
1642 2339 1931 2390 philosophiam3

67 2402 168 2427 verat
194 2394 332 2432 ainissa,
347 2407 384 2428 ea
411 2395 450 2429 in
475 2393 675 2440 direptione
692 2405 790 2438 ,quae
816 2404 874 2438 per
897 2392 966 2424 Ca-

61 2438 180 2472 rolum
206 2437 424 2474 Borbonium
460 2437 546 2473 fat-'ta
576 2438 620 2473 est
646 2461 656 2477 ‚
684 2438 827 2474 Parisios
856 2436 967 2477 adiit,

62 2482 113 2517 ibi
141 2485 257 2529 plures
291 2496 400 2519 annos
437 2481 571 2520 easdem
607 2483 725 2519 literas
752 2482 892 2530 publice
920 2482 965 2515 est

64 2529 228 2573 professus
263 2558 272 2564 .
305 2528 429 2564 Edidit
468 2531 675 2564 rudimenta
713 2529 966 2563 Grammaticae

61 2576 244 2610 Hebraicae
278 2577 407 2621 lingure
443 2601 452 2609 .
488 2574 628 2625 Scripsit
663 2575 704 2609 ad
740 2574 966 2608 Clementem

58 2618 248 2664 septimum
283 2619 383 2665 super
418 2624 556 2656 cantica
579 2643 590 2659 ,
628 2625 658 2655 &
683 2619 781 2667 super
815 2620 957 2664 aliquot

60 2666 210 2710 psalmos
230 2688 241 2704 ,
262 2667 294 2699 δι
317 2669 351 2700 in
377 2668 565 2701 Danielem
589 2691 598 2700 .
635 2667 808 2709 Migravit
835 2664 854 2698 ὲ
879 2665 956 2697 vita

56 2709 195 2746 Parisiis
220 2713 318 2749 Pauli
349 2714 443 2753 tertij
465 2717 565 2748 Pont.
591 2706 829 2748 anno‘oaavo
846 2732 856 2748 a
877 2718 958 2744 aeta-

56 2757 103 2790 tis
126 2755 190 2789 suae
215 2768 310 2791 anno
347 2756 684 2804 sexagesimoquinto
710 2782 719 2790 .
758 2754 896 2793 Exinde
915 2753 960 2787 est

56 2802 276 2844 Girifarcum
289 2804 468 2839 castellum
492 2815 576 2837 cum
603 2805 679 2836 oleo
703 2805 865 2848 optimo,
890 2811 952 2833 cu-

1023 2399 1055 2430 &
1074 2393 1173 2439 super
1194 2394 1352 2426 animam
1379 2389 1482 2427 Arist.
1511 2392 1541 2423 Sc
1569 2390 1636 2423 alia
1653 2412 1662 2424 ,
1691 2391 1732 2422 ln
1749 2387 1818 2422 hoc
1847 2396 1936 2430 agro

1023 2443 1107 2476 vina
1132 2440 1222 2472 clara
1247 2435 1365 2474 fiunt,
1395 2433 1544 2481 gypsum
1569 2433 1743 2480 speculare
1774 2454 1786 2470 ,
1812 2433 1842 2465 Sc
1867 2442 1927 2464 co-

1021 2487 1075 2521 lor
1102 2494 1274 2529 cyaneus,
1300 2484 1465 2526 provenit
1489 2479 1737 2517 terebinthus,
1756 2478 1787 2515 Sc
1809 2479 1924 2514 vitex,

1024 2534 1054 2565 δε
1072 2528 1234 2564 oleander
1250 2549 1260 2566 ,
1287 2526 1328 2562 fit
1353 2525 1544 2571 goffipium
1564 2547 1574 2564 ,
1604 2526 1635 2558 &
1660 2521 1809 2563 sesama,
1837 2522 1867 2555 gc
1892 2532 1931 2557 o-

1024 2579 1117 2612 riza.
1142 2575 1226 2608 Inde
1252 2573 1297 2607 esi:
1324 2571 1475 2605 Taberna
1506 2573 1636 2605 civitas
1659 2569 1794 2603 nobilis
1824 2569 1927 2601 iuxta.

1016 2623 1121 2656 Silam
1148 2619 1289 2660 sylvam
1311 2617 1393 2660 (hic
1419 2629 1455 2654 n,
1481 2618 1612 2661 incipit
1646 2611 1928 2662 SilaJ-Trische'-

1016 2678 1072 2701 nes
1096 2665 1197 2699 urbis
1236 2664 1393 2710 reliquiae
1418 2684 1430 2701 ,
1469 2673 1575 2707 quam
1616 2659 1756 2694 Allium
1793 2658 1929 2705 flumen

1019 2712 1210 2748 torentinis
1236 2732 1248 2749 ,
1276 2712 1306 2743 δε
1333 2708 1502 2754 anguillis
1525 2705 1610 2740 uber
1637 2703 1815 2739 adlabitur
1841 2727 1850 2734 -
1876 2704 1930 2736 A«

1019 2757 1089 2793 best
1115 2768 1131 2790 a
1147 2757 1317 2789 Catazaro
1339 2765 1426 2798 m.p.
1440 2754 1517 2787 osio
1533 2774 1544 2790 ,
1569 2763 1588 2785 a
1608 2749 1698 2784 freto
1713 2745 1926 2793 quatuorde-

1017 2805 1088 2838 cim
1105 2827 1112 2835 .
1148 2803 1228 2835 Fuit
1253 2810 1372 2834 autem
1397 2793 1584 2832 Trischene
1608 2796 1738 2829 civitas
1764 2793 1924 2830 nobilis,

57 2845 112 2886 jus
135 2857 214 2889 ager
239 2846 412 2883 frumenti
440 2853 469 2883 ὃ(
495 2849 645 2883 aliarum
675 2846 820 2892 frugum
854 2844 995 2891 feraxF
1011 2853 1041 2884 gg
1066 2858 1194 2891 magna
1219 2857 1258 2880 ac
1278 2841 1444 2891 populosa
1469 2843 1581 2883 muris
1611 2843 1641 2874 δί
1664 2838 1822 2874 turribus
1842 2839 1927 2883 einf-

59 2890 129 2929 est,
153 2893 184 2924 ἅτ
208 2893 523 2938 pabulis,necnon
547 2892 793 2939 phasianorum
809 2912 819 2928 ‚
843 2899 961 2925 exter-

56 2946 208 2974 nafflmv
236 2941 266 2973 δε
292 2944 520 2974 coturnicum
551 2942 702 2986 aucupio
723 2935 956 2972 commodus:

54 2978 210 3016 nascitur
233 2987 476 3029 reoponticum
501 3009 511 3018 .
536 2988 636 3018 Secus
661 2987 762 3019 littus
784 2997 800 3017 a
826 2981 958 3026 Scylla-

56 3030 118 3058 ceo
144 3026 290 3073 m.p.sex
315 3029 494 3070 cujusdam
519 3030 642 3076 oppidi
668 3030 812 3075 vestigia
835 3027 956 3062 visun-

53 3077 139 3108 tur,
164 3072 258 3116 quod
285 3085 302 3105 a
327 3074 550 3113 Cretensibus
576 3097 588 3114 ,
615 3078 750 3110 Mauris
776 3097 788 3113 ,
816 3077 846 3109 δε
868 3075 954 3107 Car-

53 3115 335 3161 thaginiensibus
359 3118 512 3155 excisum
549 3119 618 3155 fuit
649 3147 657 3155 .
693 3123 796 3154 quta
828 3121 952 3156 loeum

52 3160 149 3194 hunc
178 3163 342 3197 Crotalus
361 3166 474 3200 amnis
497 3167 710 3212 navigabilis
734 3168 771 3199 in
785 3178 879 3200 mare
895 3164 954 3198 de·-

52 3204 136 3240 fluit
160 3229 172 3244 ,
201 3209 301 3241 cuius
326 3230 338 3246 ,
369 3218 408 3241 ut
446 3210 521 3243 dixi
550 3233 562 3249 ,
588 3213 756 3246 meminit
787 3212 950 3246 Pliniuss

46 3253 115 3330 ‘qui
152 3255 240 3287 olim
275 3254 544 3289 Crotoniensem
581 3268 705 3301 agrum
741 3268 760 3290 a
786 3251 949 3290 Locrensi

77 3294 259 3342 ispescebar
283 3320 294 3336 a
334 3310 416 3332 nam
444 3309 545 3333 antea
571 3302 676 3335 illum
707 3302 869 3335 Caecinos
896 3299 951 3332 di-

0 3337 1 3340 *
53 3341 279 3379 sterminabat
290 3369 301 3378 .
314 3342 494 3389 Siquidem
505 3347 720 3392 &cyilaceum
736 3346 952 3380 Crotonien-

51 3386 140 3421 fium
165 3399 237 3423 erat
255 3413 266 3427 ,
293 3400 333 3424 ut
358 3387 492 3424 dudum
520 3402 562 3424 ex
602 3389 767 3424 strabone
793 3388 948 3428 ostendi.

421 3435 491 3478 post
515 3436 734 3479 Scyllaceum
761 3435 952 3468 Crotonia-

54 3486 169 3512 tarum
194 3478 282 3524 fines
305 3480 386 3516 sunt
413 3493 423 3525 ἦ
460 3480 513 3516 sed
541 3478 741 3527 Dionysius·
760 3481 951 3524 Tyrannus

1016 2896 1070 2929 aa
1098 2895 1192 2926 inter
1217 2891 1427 2928 Crotalum,
1455 2892 1485 2927 Sc
1513 2888 1675 2923 Semirim
1704 2895 1824 2919 amnes
1848 2884 1931 2917 non*

1014 2941 1118 2983 longe
1141 2934 1158 2970 a
1184 2935 1294 2973 freto,
1320 2936 1408 2978 Qae
1429 2929 1799 2969 cumaCretensium3
1815 2930 1920 2963 Mau*-

1014 2995 1135 3020 rorum
1151 3004 1163 3021 ,
1185 2985 1215 3016 &
1239 2979 1587 3024 Carthaginiensium
1617 2978 1774 3010 exercitu
1803 2973 1921 3020 gravi-

1015 3039 1065 3065 ter
1091 3027 1302 3062 obsideretur
1331 3047 1342 3064 ι,
1370 3027 1466 3059 cives
1492 3024 1522 3058 se
1543 3021 1605 3060 diu
1632 3021 1787 3056 viriliter
1811 3018 1923 3053 tutati.

1011 3073 1091 3109 sunt
1115 3095 1126 3112 ,
1153 3072 1209 3107 sed
1235 3073 1336 3116 longa
1371 3069 1551 3104 obsidione
1579 3069 1611 3100 Sc
1637 3065 1771 3102 insidiis
1806 3075 1917 3113 expu-

1009 3128 1117 3166 gnata
1143 3115 1286 3152 tandem
1314 3114 1383 3149 fuit
1411 3118 1441 3149 δε
1468 3113 1605 3162 direpta
1627 3136 1637 3146 .
1664 3111 1745 3145 Fuit
1770 3111 1800 3144 δι
1827 3108 1919 3143 sedes

1011 3163 1229 3210 Episcopalis
1256 3160 1504 3206 antiquissima
1534 3180 1546 3197 ‚
1581 3159 1756 3192 nimirum
1785 3155 1918 3192 Lucius

1008 3208 1187 3255 episcopus
1211 3208 1341 3240 Trium
1369 3204 1596 3238 tabernarum
1625 3199 1794 3236 interfuit
1808 3203 1917 3244 Syno-

1007 3255 1052 3290 do
1074 3257 1239 3289 Romanae
1263 3250 1324 3284 sub
1350 3251 1488 3285 Hilario
1515 3253 1604 3292 Papa
1620 3273 1629 3281 .
1657 3250 1699 3282 Et
1723 3248 1854 3280 Decius
1868 3247 1915 3278 E-

1008 3299 1167 3346 piscopus
1195 3296 1440 3330 Tabernarum
1478 3293 1647 3330 interfuit
1673 3290 1813 3336 Synodo
1845 3293 1914 3324 Ro-

1007 3355 1117 3379 manae
1145 3342 1205 3376 sub
1233 3342 1345 3376 Felice
1369 3344 1458 3386 Papa
1485 3364 1495 3374 .
1536 3341 1619 3374 Haec
1646 3335 1735 3371 sedes
1761 3358 1777 3385 ⁹.
1810 3344 1849 3368 ut
1875 3335 1917 3366 in.

1009 3388 1128 3423 codice
1166 3388 1345 3422 Vaticano
1382 3384 1553 3430 scriptum
1578 3384 1622 3418 est
1646 3405 1658 3421 ,
1692 3380 1734 3416 ad
1759 3380 1914 3431 sanffsam

1010 3438 1208 3468 Romanam
1232 3431 1345 3466 sedem
1370 3430 1599 3476 pertinebat.
1636 3431 1677 3462 In
1704 3424 1912 3476 monasterio.

1008 3480 1182 3515 D-Mariae
1202 3476 1220 3513 ὲ
1237 3480 1355 3514 Pesaca
1374 3477 1516 3523 epistola
1541 3482 1639 3510 extat
1664 3473 1823 3515 Gregorij
1851 3472 1911 3503 Pa-
