2404 3882
153 178 227 222 113
411 158 1002 207 'AMBROSI

93 268 208 315 psius
228 258 463 297 monstratum
483 255 527 291 est
552 278 563 293 ‚
590 255 732 290 testatur
748 279 757 288 .
782 255 1037 304 QinetiamA
1052 253 1255 300 glomorum
1282 265 1411 298 magna
1448 254 1645 289 multitudo
1671 270 1680 290 :

91 308 314 346 caere‘monias
339 302 504 350 quasdam
523 302 620 347 Jovis
656 300 813 336 indicare
839 301 994 338 videtur,

92 367 178 403 quas
204 352 302 387 Nolae
326 352 363 387 in
393 348 526 391 templo
555 348 625 387 ejus
650 347 866 380 contermini
882 356 994 392 popu-

90 403 119 437 li
145 399 338 445 quotannis
373 392 583 429 faeritabant
609 405 617 425 z
660 393 698 425 in
722 390 852 436 quibus
883 401 992 437 agnus

91 444 190 480 albus
211 454 295 476 cum
322 440 453 474 auratis
478 437 648 472 cornibus
676 435 692 470 a
715 436 890 470 Stabianis
915 448 991 469 rna-

89 489 275 528 &abatur5
300 494 465 523 auratum
491 485 588 517 enim
615 493 748 529 agnum
765 482 844 527 Jovi
861 481 990 515 masia-

88 538 123 573 xi
149 533 282 568 cecinit
295 530 509 577 Apollonius
527 527 683 562 Rhodius
703 530 741 561 in
755 526 906 563 secundo
923 530 988 559 Ar-

90 580 367 626 gonauticorum
382 575 426 609 ab
451 577 519 612 iis,
544 573 672 621 quibus
694 575 730 607 in
756 569 989 620 profugiendo

84 627 248 674 Juppiter
273 620 479 668 praefuisset.
508 618 655 654 Proinde
674 617 791 652 videre
806 618 989 663 licetquo-

114 682 157 705 ue
178 681 224 704 ex
246 669 300 703 his
326 667 507 701 Nolanum
533 664 751 708 episcopium
778 685 788 701 ,
815 674 886 696 non
913 673 989 696 mo-

87 681 132 750 do
152 715 328 759 ternplum
355 721 459 758 atque
485 710 755 745 celeberrimum
775 709 874 754 Jovis
896 709 988 740 exti-

1057 159 1079 202 1
1194 158 1231 200 L
1287 158 1324 200 E
1383 159 1427 200 Ο
1482 161 1528 204 N
1583 162 1606 203 Ῐ
1662 164 1690 206 S
1829 176 1915 213 '114

1707 267 1748 292 ut
1772 255 1852 292 iisce
1883 260 1965 304 por-3

1051 299 1146 332 cellae
1167 297 1404 334 defendantur
1430 324 1440 333 .
1468 300 1603 333 Contra
1640 314 1721 336 vero
1754 302 1794 337 ad
1822 315 1964 349 raptan-

1051 343 1133 378 dam
1157 345 1348 392 porcellam
1374 343 1479 379 datur
1510 346 1577 382 iis,
1603 350 1663 391 qui
1695 349 1731 382 in
1754 351 1962 393 pavimento

1048 388 1129 423 sunt
1144 412 1154 428 ,
1183 389 1328 423 libertas
1345 389 1486 424 aditus:
1516 391 1647 423 iccirco
1664 392 1701 424 ad
1733 406 1807 427 eam
1825 397 1967 438 capien-

1048 434 1132 469 dam
1157 437 1394 480 accinguntur
1423 438 1569 468 iuvenes
1594 435 1798 472 validislimi
1827 439 1963 473 rustici-

1046 493 1115 528 que
1139 479 1225 514 nudi
1249 479 1418 519 brachiis,
1432 482 1542 518 coxis,
1559 481 1589 513 &
1604 482 1768 516 cruribus
1784 504 1794 520 ,
1807 495 1961 528 quorum

1046 529 1165 572 capita
1192 525 1427 560 cervicalibus
1441 533 1684 571 conteguntur
1705 539 1715 560 t
1741 528 1870 573 quibus
1888 541 1960 564 non.

1046 572 1130 607 licet
1157 570 1319 605 accedere
1361 569 1522 615 pluribus
1561 581 1666 616 quam
1710 575 1872 619 quinque
1897 583 1961 609 aut

1044 615 1123 652 sex:
1155 615 1378 652 trahentibus
1392 628 1474 650 vero
1500 627 1574 650 uno
1601 616 1753 651 alterove
1769 618 1852 652 licet
1874 619 1953 664 plu-

1046 663 1144 698 ribus
1169 662 1258 701 effe3
1283 664 1500 707 permittunt
1528 663 1639 707 igitur
1667 660 1858 709 superiores
1874 676 1956 706 por-

1046 710 1173 744 cellam
1203 708 1387 753 'paulatim
1424 706 1573 742 defluere
1614 704 1722 755 usque
1761 708 1800 741 ad
1839 712 1960 755 capita.

87 761 164 797 risse
189 782 200 799 ,
226 758 279 794 sed
307 761 416 793 etiam
436 757 533 802 Jovis
557 752 712 798 profugii
740 764 844 800 atque
869 751 1032 793 Paule-B
1049 753 1158 801 ipsam
1184 752 1490 798 agor-edientium:
1519 752 1555 787 hi
1585 765 1667 788 vero
1693 756 1851 795 primum
1881 765 1957 790 ma-

87 808 172 842 ricii
197 818 208 844 ς
245 802 493 852 Stabianosque
520 801 566 834 ali
596 799 711 834 nando
733 798 919 845 profugisse
945 798 986 831 ad

89 851 271 889 Nolanos,
289 860 393 894 atque
409 847 556 881 Nolanis
602 844 713 879 editos
746 845 862 879 foetlus
893 842 990 877 dedi,

84 898 199 932 tionis
220 893 411 942 percussisse
431 916 439 924 .
462 894 554 926 Nam
577 889 669 936 apud
698 894 896 927 Homerum
924 892 988 923 IiI.

85 940 218 977 1liad0s
242 940 258 974 a
275 939 434 975 Menelao
449 934 642 982 Grecisque
661 936 900 1014 ducibusgovi
914 946 989 968 ma-

86 987 203 1023 &atur
227 996 337 1031 agnus
359 983 480 1021 albus,
508 984 568 1029 qui
598 979 785 1017 servatores
821 980 982 1015 oederum

86 1034 223 1078 iuvaret
249 1043 258 1064 ι
293 1029 383 1063 male
407 1037 531 1062 contra
559 1029 703 1075 puniret
737 1038 859 1061 eorum
876 1035 987 1060 trans-

83 1076 247 1122 gressores
273 1085 376 1119 atque
396 1081 555 1119 ruptores
569 1097 578 1105 .
607 1070 774 1108 Rosarum
799 1081 919 1105 autem
934 1079 987 1104 at-

85 1134 154 1169 que
178 1121 301 1161 florum
316 1120 400 1155 serta
415 1141 426 1158 ,
447 1116 606 1154 fasciculi
621 1120 673 1154 ,δι
696 1119 806 1164 glomi
822 1116 986 1151 l'aetiriam

83 1178 125 1201 ac
144 1167 364 1204 hilaritatem
388 1164 521 1210 ubique
548 1162 663 1198 testari
693 1165 821 1198 volunt
847 1183 859 1201 ,
886 1162 986 1196 flores

83 1213 183 1249 enim
205 1211 284 1246 sunt
310 1210 424 1248 veluti
439 1208 567 1255 gaudia
596 1210 627 1241 &
649 1209 781 1244 laetitiae
807 1208 985 1253 stirpium.

1048 803 1126 840 nu(
1150 809 1190 834 ut
1217 788 1315 833 lsibet
1341 800 1353 840 )
1382 798 1483 841 pedes
1508 797 1647 832 auresve
1673 799 1770 833 illius
1802 801 1958 847 prehen-

1045 845 1145 886 sant,
1168 844 1223 880 sed
1249 856 1363 891 quum
1377 852 1495 876 tenere
1509 842 1754 888 abducet-eque
1780 845 1957 880 abitran-

1046 902 1103 927 tur
1129 914 1138 929 ‚
1167 892 1282 926 statim
1308 898 1465 934 tempore
1491 900 1508 922 a
1534 887 1771 934 superioribus
1808 892 1960 925 retraffla

1044 951 1062 972 e
1088 936 1255 973 manibus
1281 936 1484 969 tenentium
1512 933 1713 974 dilabitur,
1740 935 1848 971 iidem
1872 948 1958 971 vero

1044 981 1202 1017 saltando
1227 979 1421 1027 sequuntur
1448 978 1690 1014 ascendentem
1717 1001 1728 1017 ‚
1754 982 1957 1026 iterumque

1043 1030 1193 1072 capiunt
1220 1025 1483 1070 detrahuntque
1510 1023 1633 1060 sentim
1662 1027 1771 1059 etiam
1806 1025 1957 1061 sinenti-

1042 1073 1108 1108 bus
1133 1069 1371 1118 superioribus
1393 1082 1403 1102 ι
1431 1069 1557 1105 deinde
1584 1072 1721 1106 iterum
1745 1072 1960 1116 cogentibus

1043 1119 1227 1155 extollunt
1255 1128 1333 1150 earn
1358 1127 1466 1162 quam
1503 1114 1675 1150 facillime
1701 1115 1924 1152 dilabentem
1947 1128 1960 1151 ε

1043 1167 1181 1203 interea
1208 1161 1226 1197 xa
1256 1162 1529 1205 contignatione
1567 1172 1656 1207 aqua
1685 1161 1890 1196 infunditur
1917 1164 1959 1197 in

1042 1219 1200 1256 raptores
1225 1209 1335 1249 major
1360 1209 1458 1241 omni
1477 1208 1621 1254 pluvia,
1637 1209 1736 1241 omni
1766 1208 1906 1246 nimbo,
1925 1210 1957 1242 36

84 1260 173 1292 Sunt
194 1260 290 1292 enirn
313 1258 502 1301 apertiores
520 1254 766 1298 pulcherrirnae
792 1263 897 1299 atque
912 1257 1029 1300 gra-C
1046 1255 1175 1290 imbri.
1202 1257 1327 1307 Neque
1354 1255 1416 1299 qui
1446 1251 1606 1287 fundunt
1631 1274 1642 1291 ,
1671 1250 1784 1287 videri
1811 1253 1957 1299 possunt

84 1302 224 1338 tiffimae
248 1328 258 1336 .

82 1348 223 1397 lemque
249 1347 349 1387 suum
371 1348 575 1382 veneraturi
600 1345 772 1380 accedunt
797 1367 809 1385 ,
835 1357 892 1380 eos
916 1346 988 1390 pri-

81 1405 182 1433 mum
206 1393 379 1439 benignos
393 1390 583 1439 hilaresque
600 1391 762 1437 laetosque
783 1391 859 1429 esse,
880 1398 985 1435 atque

81 1437 210 1486 gaudia
233 1440 344 1474 animi
362 1450 428 1483 prae
444 1436 473 1470 se
497 1436 585 1471 ferre
603 1436 702 1471 decet
716 1458 727 1475 ,
753 1435 985 1486 quamobrem

82 1483 126 1519 ad
153 1484 241 1518 illud
263 1485 462 1520 maximum
483 1481 659 1523 judicium
688 1481 821 1517 Paridis
855 1482 985 1525 legitur

82 1529 156 1566 liffe
181 1530 306 1564 Venus
329 1541 402 1563 non
439 1526 551 1572 solum
577 1528 685 1563 Horis
711 1529 742 1561 δε
763 1528 901 1563 Gratiis
934 1535 987 1560 re-

83 1575 211 1610 dimita
238 1598 250 1616 ‚
283 1573 337 1613 sed
360 1575 470 1608 etiarn
494 1571 584 1608 rosas
603 1585 713 1608 manu
751 1571 866 1608 ferens
892 1593 904 1611 ,
940 1571 986 1605 ob

84 1632 173 1668 quas
197 1629 270 1656 tam
294 1621 372 1655 laeta
394 1626 561 1665 grataque
599 1617 674 1653 visa
699 1618 743 1652 est
772 1618 883 1659 judici
905 1639 917 1659 ‚
944 1625 984 1650 ut

81 1678 148 1718 pro
169 1667 250 1701 rofis
275 1666 429 1711 palmam
456 1666 644 1710 reportarit
673 1686 683 1696 ι
708 1666 879 1708 Severitas
899 1675 987 1698 con-

81 1722 138 1748 tra
162 1721 266 1759 atque
293 1710 458 1749 tristitia,
481 1712 512 1744 &
537 1708 805 1754 superciliorum
822 1720 987 1755 corruga-

82 1760 136 1792 tio
158 1770 168 1792 ι

109 1811 173 1846 ut,
198 1800 376 1849 quandam
399 1802 512 1835 animi
540 1799 755 1835 averfionem
771 1799 875 1847 atque
889 1799 986 1835 dete-

80 1815 268 1891 Rationem
293 1844 442 1881 ostendit
469 1848 500 1879 ὃς
519 1848 636 1891 arguit
661 1868 672 1885 ,
698 1858 773 1893 quae
797 1858 850 1881 res
874 1856 983 1892 quam

80 1895 283 1974 pllurimum
323 1891 368 1926 ab
398 1890 517 1938 officio
563 1893 768 1935 yenerautis
801 1900 987 1938 reputatur

81 1952 100 1976 a
121 1951 198 1975 iena
214 1963 224 1976 .

114 2065 211 2110 DE
264 2066 557 2109 ALTERA
596 2064 958 2110 SACERDO-

335 2133 427 2165 tum
449 2125 756 2172 consuetudine.

329 2245 361 2283 c
407 2246 440 2284 A
488 2251 527 2290 Ρς
617 2246 738 2290 Χῌς

166 2360 372 2399 Onfuetudo
400 2361 617 2400 sacerdotum
645 2361 754 2397 altera
780 2365 831 2398 ita
857 2362 986 2404 habet,

178 2410 298 2443 Paucis
326 2411 422 2444 enim
447 2409 517 2455 post
544 2417 777 2444 memoratam
811 2410 907 2443 diem
929 2419 988 2442 cc-

75 2464 244 2491 xonarum
269 2452 508 2501 sertorumque
536 2454 746 2501 praeteritis,
773 2464 878 2498 atque
895 2463 986 2492 tum,

77 2509 188 2544 quum
215 2498 286 2533 dies
313 2501 435 2535 illuxit
459 2522 470 2538 ,
498 2499 591 2546 quod
624 2499 724 2542 Prisca
751 2501 903 2544 rosarum
927 2512 988 2546 ap-

76 2544 259 2590 pellatur,
287 2545 467 2581 Basilicam
491 2544 707 2589 episcopium
735 2545 856 2582 fronde
881 2555 986 2591 atque

75 2588 222 2629 floribus
249 2589 415 2637 spargunt
455 2598 654 2635 ornantque
691 2589 878 2626 sacerdotes
907 2612 919 2629 ,
945 2601 984 2625 ac

74 2638 168 2671 inter
195 2633 468 2671 sacrificandum
511 2648 552 2670 ex
579 2639 627 2670 eis
651 2647 743 2671 unus
764 2635 906 2671 vasculo
932 2648 985 2675 ar-

76 2679 218 2719 ‹ftiffimi
254 2682 384 2717 orificii
419 2679 566 2726 rolisque
603 2676 796 2726 semipleno
831 2681 983 2727 singulos

71 2724 278 2765 accedentes
304 2729 458 2767 irrorat3
485 2726 612 2761 exne-iis
637 2725 763 2762 deinde
786 2730 982 2773 rogationi-

75 2771 140 2807 bus
161 2769 263 2806 sacrm
296 2785 334 2812 m
360 2771 593 2815 spefflacumm
630 2774 677 2809 eri
706 2782 772 2809 unt
808 2774 1134 2849 popUlm'nFunus
1160 2812 1203 2847 est
1217 2812 1385 2855 Jovmnus
1411 2809 1608 2845 fontanus,
1636 2808 1663 2839 is
1690 2806 1784 2837 enim
1802 2804 1836 2836 in
1854 2801 1947 2835 cha-

74 2816 141 2858 hoc
166 2817 291 2862 paeto,
318 2818 451 2864 templo
475 2819 572 2851 enim
599 2830 665 2863 pen
694 2827 729 2852 et
754 2820 905 2864 porcella
925 2830 979 2855 vi-

75 2873 144 2901 va,
167 2874 293 2906 magna
311 2862 468 2902 ,valida
495 2886 507 2903 ‚
534 2862 748 2910 praecepsque
775 2873 878 2909 atque
904 2872 978 2898 tota

76 2904 162 2941 saevo
186 2907 277 2941 illita
305 2930 316 2947 ,
340 2911 440 2949 cuius
463 2909 663 2952 posteriores
700 2908 805 2957 pedes·
822 2911 979 2954 ligantur

71 2951 158 3005 fune
182 2950 364 2993 dus-torio,
391 2957 451 3002 qui
475 2966 534 2999 per
559 2954 751 2989 trochleam
777 2955 912 3001 templo
925 2955 977 2988 al-

72 2998 221 3040 ligatam
246 2998 361 3034 fluitat
383 3013 393 3034 :
432 3012 516 3037 nam
541 3000 688 3038 alteram
714 2999 810 3035 funis
839 3009 977 3045 partem

72 3041 297 3080 trahentibus
332 3045 482 3090 porcella
516 3046 631 3080 statim
658 3047 846 3080 extollitur
871 3068 882 3084 ,
911 3044 975 3080 eis-

70 3087 221 3140 demque
247 3088 451 3124 laxantibus
480 3093 511 3128 85>
532 3090 593 3127 illa
609 3089 763 3126 humum·
787 3089 905 3129 versus
918 3102 970 3124 ce-

71 3134 211 3170 lerrime
235 3135 309 3172 tuit
339 3146 350 3179 5
386 3136 566 3174 trahentes
589 3144 708 3171 autem
743 3149 815 3171 non
841 3137 972 3177 humi,

73 3177 127 3214 sed
153 3177 252 3222 supra
279 3177 452 3215 fornicem
478 3183 630 3216 minoris
653 3182 748 3216 cellae
771 3182 899 3217 dextrae
912 3181 973 3218 fir-

69 3232 216 3271 mantur
244 3248 252 3256 .
291 3230 398 3270 Super
434 3225 590 3260 trabibus
633 3228 730 3262 tituli
771 3230 970 3273 quinetiam

71 3269 233 3307 coallatio
265 3269 426 3316 quaedam
460 3270 604 3305 affetum
646 3272 896 3307 contabulatur
936 3284 972 3306 a-

70 3314 133 3348 deo
159 3336 170 3352 ,
197 3322 236 3348 ut
262 3324 356 3349 certa
381 3317 604 3360 contignatio
630 3315 814 3351 videatur:
855 3320 892 3351 in
904 3329 972 3364 qua

69 3369 212 3406 paratur
246 3362 346 3405 copia
385 3362 542 3397 maxima
580 3373 677 3406 aquae
713 3384 724 3400 ‚
773 3373 812 3395 ac
851 3366 974 3403 inqen-

68 3414 119 3445 tes
141 3407 278 3446 cumuli
293 3404 442 3447 fascium
457 3407 653 3445 urticarum
669 3427 680 3447 ‚
704 3399 970 3456 stupeorurrsque

193 1760 282 1792 item
308 1763 425 1791 vacuae
450 1767 576 1789 manus
603 1777 614 1794 ‚
641 1757 671 1788 δε
700 1757 909 1790 inornatum
931 1759 1145 1804 ca-Dperni

285 1306 334 1337 At
357 1313 439 1336 vero
472 1303 533 1347 qui
562 1298 603 1333 ad
640 1298 830 1334 dominum
860 1295 1021 1345 praesu-‘'
1047 1301 1090 1338 ab
1116 1303 1166 1336 eis
1190 1323 1200 1339 ,
1227 1302 1288 1348 qui
1319 1311 1358 1333 in
1395 1301 1601 1344 pavimento
1637 1306 1785 1333 manent
1809 1324 1818 1332 .
1845 1299 1958 1336 Illinc

1044 1358 1188 1395 quoque
1202 1354 1357 1393 raptores
1381 1344 1560 1379 feriuntur
1576 1342 1729 1379 fascibus
1744 1346 1956 1384 urticarum,

1045 1402 1151 1439 atque
1176 1393 1305 1438 glomis
1332 1390 1459 1437 stupeis
1498 1390 1730 1428 inflammatis
1757 1389 1957 1425 ustulantur

1042 1447 1118 1481 tam
1143 1448 1220 1483 apte
1236 1438 1332 1481 jaffis
1346 1459 1357 1476 ,
1383 1444 1424 1469 ut
1449 1434 1665 1471 fulminibus
1684 1434 1875 1474 videantur
1892 1436 1960 1471 effe

1044 1483 1217 1530 perculsi,
1243 1492 1397 1529 raptores
1421 1493 1505 1516 vero
1533 1482 1688 1515 tolerant
1714 1479 1812 1515 hasce
1840 1481 1955 1516 veluti

1044 1532 1126 1573 'coeli
1155 1531 1299 1570 injurias
1324 1528 1497 1562 maximas
1521 1549 1533 1567 ,
1569 1528 1703 1561 intenti
1733 1525 1958 1572 summopere

1042 1584 1085 1609 ut
1113 1575 1262 1619 porcella
1288 1576 1494 1620 potiantur.
1530 1572 1654 1608 Crebri
1682 1570 1767 1605 risus
1793 1574 1954 1617 primum

1044 1621 1171 1663 cuno-fio
1199 1620 1292 1655 fiunt
1315 1619 1445 1664 populo
1472 1642 1483 1659 ,
1510 1616 1635 1653 deinde
1661 1619 1828 1652 cachinni
1856 1630 1866 1650 ·.
1895 1617 1957 1651 de„

1043 1678 1144 1701 mum
1159 1668 1268 1703 etiam
1283 1665 1585 1703 conclamationes
1600 1675 1697 1697 nunc
1711 1663 1809 1698 hosce
1825 1686 1836 1701 ,
1852 1674 1949 1697 nunc

1042 1712 1122 1746 illos
1148 1712 1373 1746 hortantium
1402 1736 1411 1744 .
1449 1712 1634 1744 Certantts
1662 1718 1779 1743 autem
1805 1717 1877 1742 tam
1904 1707 1959 1741 su.-

1197 1769 1277 1792 uam
1304 1754 1435 1791 inferni
1453 1768 1524 1790 non
1541 1755 1693 1794 ansplius
1717 1753 1757 1786 de
1785 1754 1952 1801 porcella,

1047 1813 1175 1838 conten
1204 1814 1282 1842 ere,
1308 1800 1361 1836 sed
1380 1801 1420 1835 de
1448 1801 1567 1836 robore
1593 1801 1821 1845 honoreque,
1846 1811 1953 1846 quem

1046 1850 1198 1897 populus
1238 1849 1440 1883 exclamans
1468 1846 1630 1893 polliceri
1661 1845 1692 1879 se
1721 1845 1954 1879 vincentibus

1045 1894 1195 1930 ostendit
1212 1915 1223 1933 ,
1248 1894 1491 1929 accenduntur
1522 1917 1530 1926 .
1551 1892 1669 1934 Qare
1695 1893 1748 1924 vis
1773 1893 1889 1924 omnis
1915 1902 1958 1923 u-

1046 1943 1190 1987 trinque
1229 1941 1411 1984 colligitur
1441 1937 1699 1982 adhibeturque
1731 1958 1741 1975 ‚
1766 1947 1955 1982 pugnaque

1044 1984 1350 2023 vehementiffima
1374 1983 1631 2029 redintegratur
1658 1995 1666 2016 2
1695 1992 1951 2028 raptorumque

1043 2041 1241 2069 cernuntur
1270 2034 1356 2065 alter
1396 2031 1494 2078 {uper
1533 2030 1676 2062 alterius
1703 2025 1802 2062 dorso
1826 2027 1953 2062 hume-

1041 2078 1156 2125 risque
1189 2076 1347 2113 scandere
1375 2099 1386 2115 ,
1409 2088 1447 2110 ac
1474 2075 1556 2120 saepe
1590 2086 1712 2109 eorum
1752 2073 1824 2106 duo
1851 2071 1952 2117 super

1043 2126 1158 2167 tribus
1184 2123 1252 2159 sese
1278 2119 1593 2157 summittentibus
1614 2129 1732 2154 extare
1748 2122 1795 2152 ita
1811 2142 1822 2158 ,
1837 2129 1875 2153 ut
1893 2130 1954 2152 cu-

1043 2172 1164 2208 mulus
1188 2183 1230 2206 ex
1258 2171 1310 2204 eis
1329 2170 1441 2203 veluti
1470 2177 1572 2201 mons
1599 2177 1641 2200 ex
1670 2164 1854 2201 montibus
1881 2176 1954 2198 ere·-

1042 2220 1116 2254 &us
1141 2218 1202 2254 effe
1229 2215 1416 2254 videatur,
1442 2211 1534 2246 unde
1561 2213 1752 2258 poi-cellam
1778 2208 1952 2244 facillime

986 2270 1161 2313 Ecapere
1192 2263 1329 2310 sperant
1358 2273 1369 2301 ς,
1406 2266 1642 2293 veruntamen
1681 2268 1750 2299 quo
1787 2251 1817 2289 se
1846 2257 1953 2289 altius

1045 2318 1237 2356 aggerant,
1264 2318 1303 2340 eo
1331 2307 1445 2339 acrius
1470 2302 1605 2337 feriunt
1632 2323 1642 2340 ,
1670 2299 1877 2346 faciliusque
1892 2312 1950 2333 ve-

1045 2358 1117 2392 luti
1139 2354 1230 2389 vasta
1251 2353 1360 2387 moles
1374 2348 1526 2396 quassata
1550 2350 1818 2394 praecipitantur
1834 2372 1842 2380 .
1870 2348 1949 2380 Hoc

1045 2405 1163 2448 itaque
1191 2395 1290 2445 paSio
1324 2408 1382 2443 per
1408 2396 1530 2431 horam
1554 2403 1708 2433 certatur
1735 2415 1747 2436 ,
1775 2402 1814 2426 ac
1842 2394 1952 2426 inter-

1044 2447 1128 2481 dum
1155 2446 1301 2480 vietoria
1324 2445 1454 2478 horum
1481 2439 1550 2478 est,
1578 2447 1708 2484 rupto,
1738 2434 1951 2475 incis0‚aut

1043 2492 1155 2527 soluto
1182 2490 1288 2524 fune:
1318 2485 1499 2522 interdum
1528 2483 1759 2530 supernorum
1776 2507 1784 2516 .
1812 2481 1871 2516 Sed
1898 2492 1952 2516 ta-

1044 2551 1126 2580 men
1151 2535 1290 2583 superni
1322 2536 1507 2576 vincentes
1532 2530 1674 2572 demum
1701 2528 1891 2576 porcellam
1908 2527 1951 2561 fl-

1043 2593 1135 2620 nunt
1163 2580 1365 2628 raptoribus
1390 2577 1556 2623 praedari,
1582 2578 1642 2611 ubi
1671 2575 1829 2611 multum
1857 2573 1950 2610 affii-

1041 2632 1152 2665 619405
1175 2628 1237 2663 effe
1264 2625 1435 2661 senserint
1464 2645 1476 2661 ,
1509 2621 1814 2675 spee'laculumque
1842 2617 1950 2654 solvi-

1040 2687 1097 2712 tur
1116 2701 1124 2710 .
1151 2675 1264 2714 Hujus
1293 2673 1497 2720 quinimmo
1523 2669 1634 2704 limile
1661 2666 1807 2711 Neapoli
1845 2662 1947 2699 faeti-

1039 2733 1135 2757 tatur
1162 2729 1268 2766 atque
1295 2722 1331 2760 in
1348 2715 1490 2751 balilica
1506 2710 1828 2760 Archiepiscopali2
1852 2709 1948 2756 quod

1044 2767 1062 2802 εὶ
1088 2764 1259 2814 plerisque
1288 2765 1381 2815 vitio
1406 2772 1535 2805 magno
1554 2760 1678 2794 datum
1702 2757 1946 2798 est.Quoi·um

1036 2868 1137 2895 ronte
1164 2855 1324 2902 scripsit,
1352 2852 1385 2888 id
1413 2854 1555 2889 trabiari
1583 2852 1708 2888 abiis,
1735 2850 1795 2895 qui
1813 2858 1946 2897 utpot-

1035 2908 1069 2939 ci
1097 2904 1172 2938 luto
1210 2903 1366 2947 gaudent
1397 2915 1415 2940 .,·
1444 2899 1557 2934 Nobis
1585 2908 1667 2931 vero
1694 2894 1796 2929 aliter
1826 2894 1945 2927 vilum

1035 2951 1080 2985 est
1106 2972 1118 2989 ,
1157 2947 1383 2983 censentibus
1417 2956 1499 2979 eum
1527 2954 1659 2979 morem
1699 2937 1947 2975 vetul’tiffima-

1035 3008 1116 3030 rum
1140 2995 1425 3030 caerimoniarum
1463 2993 1637 3025 rationem
1658 2989 1809 3021 retinere
1832 3007 1843 3024 ,
1868 2984 1944 3018 bel-

1033 3042 1177 3087 lumque
1191 3052 1231 3073 eo
1258 3036 1348 3073 illud
1376 3035 1632 3082 repraesentari,
1663 3031 1755 3078 quod
1783 3031 1943 3076 gigantes

1031 3098 1113 3122 cum
1143 3082 1403 3131 love,diisque
1418 3080 1595 3124 quondam
1623 3080 1691 3113 auli
1719 3080 1944 3121 luntgerere,

1031 3142 1071 3169 ut
1098 3131 1115 3166 a
1139 3127 1258 3167 'Poetis
1285 3129 1406 3164 fiftum
1432 3126 1476 3161 est
1503 3153 1512 3161 .
1538 3129 1577 3160 In
1604 3136 1676 3172 quo
1701 3131 1855 3169 raptores
1881 3132 1944 3155 va-

1033 3178 1095 3212 lidi
1123 3177 1311 3222 rusticique
1350 3184 1412 3219 pro
1437 3171 1644 3218 gigantibus
1684 3169 1903 3204 inducuntur
1930 3179 1943 3201 ι

1032 3225 1184 3269 porcella
1209 3231 1292 3255 vexo
1317 3221 1390 3253 illis
1414 3218 1548 3253 obieeta
1576 3217 1643 3254 est,
1668 3225 1707 3249 ut
1733 3216 1772 3248 in
1798 3224 1874 3247 eam
1888 3209 1940 3246 fa-

1031 3273 1127 3303 ciant
1155 3271 1330 3312 impetum
1346 3287 1356 3304 ‚
1383 3276 1489 3310 quare
1513 3262 1797 3298 demonstrantur
1818 3261 1942 3303 gigan-

1032 3323 1108 3352 tes,
1134 3313 1194 3347 ubi
1222 3314 1414 3357 opinantur
1437 3308 1576 3355 aggredi
1603 3311 1733 3342 coelum
1748 3308 1940 3344 Iovemque

1030 3369 1133 3408 atque
1160 3358 1240 3391 dees
1266 3380 1276 3394 2
1305 3360 1339 3390 in
1369 3353 1632 3397 abjeStiffimam
1662 3363 1766 3396 atque
1793 3346 1940 3384 soediffi·

1028 3417 1124 3442 mam
1149 3401 1412 3452 quadrupedem
1427 3401 1550 3483 inpxehi
1565 3422 1577 3441 ,
1596 3399 1708 3435 veluti
1726 3393 1936 3476 §Offoeiffls

1811 3450 1887 3476 mx:
