2404 3882
141 165 198 208 45

392 146 1068 192 AMBROSII

1180 146 1674 195 LEONIS
1837 165 1900 212 ,45

79 253 178 288 drata
201 250 231 282 &
257 244 452 281 dimidium
477 243 640 281 alterius,
664 249 791 288 quarto
814 240 885 275 haec
907 237 1121 285 dquverb
1144 240 1241 285 capit
1260 237 1482 278 sedenarium
1503 242 1608 281 sexies
1640 256 1745 296 atque
1776 262 1940 298 quntam

79 307 160 334 cum
185 292 335 328 dimidio
356 290 652 335 congregavimus
668 290 706 322 in
731 285 976 332 sexangulum,

81 340 249 390 postremo
275 335 503 380 sexangulum
528 335 568 367 in
595 332 716 368 orbem
751 332 982 367 transforma-

77 390 233 424 vimus3
274 389 315 416 ut
344 382 447 421 hujus
484 381 727 414 inveniremus
765 376 981 413 diametrum

77 441 210 468 certam
233 425 578 473 comparabilemque
594 424 787 461 ,diametro
813 424 981 469 antiquae.

77 480 159 521 Q
185 478 333 510 inventa
358 469 582 507 manifestum
607 470 651 504 est
677 492 688 508 ‚
727 478 861 515 quanto
897 481 981 515 prze-

76 523 151 559 sens
176 520 258 555 urbs
283 518 405 553 arfrior
431 518 619 562 minorque
644 515 689 550 est
714 515 980 560 antiqua3am-

76 570 174 604 bitus
195 579 233 600 n.
255 563 350 599 orbis
374 565 531 607 antiquae
545 560 644 595 urbis
670 568 743 594 erat
768 557 881 593 duum
894 558 979 592 mil-

72 615 166 649 lium
190 610 408 657 septuaginta
438 615 589 654 quatuor
627 605 786 653 passuum
805 628 815 643 ,
842 603 977 637 diame-

75 669 151 694 trus
177 668 258 693 vero
282 653 527 688 sexcentorum
558 649 736 695 sexaginta
766 661 776 689 3
801 647 978 696 praesentis

75 717 159 741 vero
183 702 281 737 urbis
301 701 472 733 circuitus
492 695 587 732 orbis
610 696 655 731 est
686 694 976 740 ofitiugeutorum

1037 287 1108 327 ejus
1133 308 1145 324 ‚
1172 285 1274 321 ficuti
1296 286 1336 320 iu·
1356 286 1412 321 his
1435 286 1559 334 figuris
1593 290 1740 333 spet‘lare
1773 296 1944 342 apertisfi-

1037 329 1094 366 me
1119 331 1202 366 licet
1225 356 1233 363 .
1260 331 1320 364 Sin
1344 340 1466 367 autem
1497 346 1591 368 areas
1617 337 1763 376 urbium
1789 346 1942 389 antiquae

1039 380 1070 410 &t
1092 376 1269 423 praesentis
1296 388 1368 411 non
1403 377 1573 414 rotundas
1598 404 1611 420 ‚
1650 381 1703 416 sed
1740 384 1944 423 sexmoulas

1036 419 1351 458 feceris:eamdem
1378 423 1505 458 habere
1529 428 1707 464 rationem
1732 420 1864 467 necesse³
1884 435 1944 473 el'13

1037 467 1089 503 fin
1113 481 1197 504 vero
1222 467 1292 502 duo
1315 467 1528 514 decangulas
1559 472 1722 519 utrasque
1761 476 1944 523 redeqeris:

1037 515 1266 560 proportione
1300 522 1406 560 atque
1443 520 1708 563 comparatione
1739 514 1861 556 eadem
1886 525 1947 561 ha-

1036 560 1116 596 bere
1132 557 1163 595 se
1191 566 1331 604 oportet
1356 582 1367 598 ᾗ
1392 571 1460 606 qua
1495 561 1664 607 quadrata
1687 565 1946 603 diametrorum

1034 605 1065 639 se
1093 604 1219 640 habere
1245 603 1381 639 dierum
1410 606 1482 645 est3
1506 609 1598 643 hanc
1622 609 1742 657 itaque
1768 614 1948 648 rationem·

1031 650 1141 687 habet
1186 662 1263 685 area
1287 649 1463 696 praesentis
1497 654 1595 689 urbis
1627 653 1670 689 ad
1710 670 1828 694 aream
1850 659 1947 701 anti-²

1036 708 1127 743 quae.

75 751 210 796 viginti
237 745 292 780 sex
328 756 411 779 cum
448 741 576 778 semisse
613 754 625 781 3
664 739 856 774 diametrus
894 749 1022 789 veroB
1078 739 1183 786 Qd
1207 741 1232 776 fi
1266 741 1485 779 voluerimus
1508 747 1642 781 veriore
1678 750 1948 796 comparatione

74 798 313 832 ducentorum
337 790 514 834 sexaginta
537 795 687 830 quatuor
720 811 731 820 .
755 787 874 831 Qare
899 797 977 820 area

76 844 232 886 antiquae
256 836 353 871 urbis
378 836 423 870 est
446 833 616 877 sexscupla
637 831 878 879 sesquiquarta
894 842 979 878 prae·

75 887 184 922 sentis
210 882 308 917 urbis
332 878 469 916 embadi
525 879 650 920 capim
676 891 711 912 n.
735 878 802 912 hoc
826 877 889 912 illa
916 888 977 912 ve-

74 943 131 969 tus
155 931 259 965 sexies
286 931 318 962 86
343 924 574 969 quadrantem
603 949 613 958 .
640 926 803 969 Namque
826 921 978 958 duorum

73 977 243 1015 orbium,
269 973 528 1008 circulorumve
562 969 654 1005 alter
680 968 722 1004 ad
761 967 913 1002 alterum
938 979 978 1001 ea

71 1027 208 1061 ratione
231 1018 375 1062 refertur
400 1027 468 1058 qua
490 1013 706 1061 quadratum
729 1013 897 1048 diametri
912 1013 979 1047 hu-

75 1071 128 1112 ius
152 1066 244 1101 orbis
269 1063 310 1098 ad
335 1060 548 1106 quadratum
573 1059 739 1096 diametri
774 1060 877 1093 illius.
900 1072 910 1093 :
935 1067 978 1093 ut

72 1115 98 1152 fi
122 1112 314 1147 diametrus
339 1107 442 1147 hujus
480 1105 642 1142 mensura
676 1106 784 1141 fuerit
826 1114 978 1151 quatuor

72 1157 202 1208 pedum
233 1177 244 1194 ‚
267 1155 365 1190 illius
390 1164 473 1187 vero
500 1151 613 1187 duum
638 1175 651 1193 ‚
677 1153 778 1186 illius
804 1151 979 1190 orbis‚ae

70 1204 239 1240 circulus.
260 1198 302 1234 ad
334 1199 439 1239 hujus
475 1199 652 1234 circulum
690 1200 740 1232 ita
774 1195 805 1232 se
832 1195 978 1232 habebit

70 1255 295 1294 comparatus
311 1267 323 1285 2
347 1244 447 1279 sicuti
474 1244 688 1323 quadratum
703 1243 867 1280 diametri
885 1252 1023 1294 qua-C
1038 1246 1120 1282 rimi
1141 1253 1246 1292 atque
1271 1243 1477 1286 ampliffimi
1514 1248 1742 1290 reperiuntur
1766 1272 1776 1280 .

69 1305 150 1332 tuor
175 1291 306 1340 pedum
332 1289 373 1325 ad
404 1301 472 1335 qua
500 1299 616 1326 ratum
646 1289 812 1325 diametri
849 1288 974 1322 duumz

69 1341 114 1377 est
140 1348 258 1373 autem
285 1333 499 1383 quadratum
524 1337 622 1370 illius
634 1335 809 1372 sexdecim
857 1334 976 1372 edum,

39 1380 42 1384 ’
69 1387 172 1428 huius
198 1391 281 1418 vero
307 1380 520 1428 quadratum
546 1392 697 1428 quatuor
722 1405 734 1422 ‚
759 1393 827 1429 qua
855 1381 976 1426 ruplus

66 1433 128 1470 ille
157 1432 267 1477 igitur
289 1430 393 1470 hujus
417 1427 462 1462 est
479 1453 487 1461 .
513 1427 756 1476 Qmobrem
770 1439 883 1474 quum
897 1427 973 1461 dia-

64 1489 200 1516 metrus
225 1478 380 1522 antiquae
405 1473 501 1510 urbis
526 1474 568 1509 fit
601 1473 850 1510 sexcentorum
879 1472 974 1508 sexa-

65 1528 168 1572 ginta
189 1522 271 1569 pass.
300 1517 477 1568 praesentis
501 1532 583 1556 vero
616 1520 854 1554 ducentorum
882 1518 975 1554 sexa-

65 1573 168 1619 ginta
191 1577 342 1616 quatuor
371 1578 382 1600 ε
419 1565 534 1612 estque
569 1566 632 1601 illa
668 1565 710 1600 ad
745 1567 837 1601 hanc
869 1564 978 1610 dupla.

65 1617 292 1663 sesquialtera
317 1634 328 1651 ,
354 1624 427 1647 non
451 1615 560 1647 etiam
584 1624 660 1646 area
692 1612 788 1645 illius
811 1611 854 1650 est
869 1610 976 1654 dupla

65 1661 292 1709 sesquialtera
313 1656 487 1704 praesentis
501 1681 512 1696 ‚
525 1655 579 1690 sed
594 1656 746 1702 sescupla
759 1655 975 1703 sesquiquar-

64 1719 133 1748 ta3
157 1704 369 1753 quadratum
394 1714 429 1737 n.
455 1703 553 1737 illius
574 1702 616 1737 ad
642 1703 854 1748 quadratum
869 1702 974 1742 hujus

1035 801 1110 824 rem
1136 790 1312 822 Nolanam
1334 787 1534 835 dignoscere
1555 813 1566 829 a
1598 803 1736 838 oportet
1758 797 1868 829 etiam
1884 795 1946 829 ha-

1035 846 1116 869 rum
1139 835 1323 868 ambarum
1356 834 1500 871 urbium
1527 849 1599 871 non
1634 836 1746 875 solum
1773 838 1948 878 embada,

1035 879 1090 914 sed
1115 882 1223 913 etiam
1245 877 1435 916 habitandi
1457 882 1603 916 modum
1618 905 1628 920 ‚
1643 885 1863 920 &rationem
1891 897 1945 918 re-

1035 922 1173 959 censere
1209 924 1446 970 aestimareque
1465 951 1475 959 .
1501 930 1553 962 Ita
1582 929 1693 972 igitur
1718 939 1944 974 compertum

1037 970 1108 1009 est,
1135 972 1290 1016 antiquae
1321 971 1418 1004 Nolae
1452 971 1535 1005 adeo
1572 972 1775 1019 frequenter
1803 975 1945 1009 habita-

1036 1024 1115 1051 tum
1129 1014 1191 1050 effe
1212 1037 1223 1053 2
1251 1024 1292 1049 ut
1319 1014 1523 1062 priusquam
1538 1017 1556 1052 ὰ
1595 1019 1740 1053 Poetelio
1760 1020 1943 1054 Difftatooe

1035 1069 1218 1105 caperetur
1236 1083 1246 1099 ‚
1276 1061 1428 1106 plurima
1448 1059 1616 1098 suburbia
1635 1065 1841 1105 oportuisset
1865 1064 1946 1099 aedi-

1035 1106 1135 1142 ficari
1163 1133 1173 1142 .
1204 1110 1244 1142 ln
1263 1107 1332 1141 stiae
1358 1118 1441 1141 vero
1462 1107 1632 1143 hodierna
1651 1109 1742 1143 Nola
1766 1119 1845 1144 tum
1863 1108 1946 1144 sub·-

1034 1152 1138 1188 urbia
1163 1154 1262 1190 nulla
1284 1160 1460 1191 manent,
1488 1162 1565 1189 tum
1600 1156 1711 1189 etiam
1738 1156 1833 1190 intra
1865 1167 1946 1190 mu-

1036 1211 1090 1234 ros
1104 1211 1187 1235 areae
1208 1199 1342 1236 mulne,
1356 1198 1550 1246 amplaeque
1570 1221 1582 1239 ,
1599 1203 1628 1234 δι
1643 1200 1737 1235 horti
1753 1202 1946 1248 quamplu-

1843 1258 1947 1280 ume-

1036 1293 1125 1325 tiam
1150 1293 1189 1324 in
1214 1288 1345 1324 aedibus
1366 1290 1510 1336 fingulis
1539 1291 1610 1325 fere
1639 1291 1790 1326 cavaedia
1823 1292 1944 1336 fingu-⁴

1035 1338 1068 1371 la
1095 1337 1211 1371 multo
1234 1346 1342 1381 quam
1365 1348 1428 1383 par
1451 1336 1496 1370 est
1523 1337 1672 1372 dilatata
1707 1349 1718 1372 t
1755 1349 1844 1384 quas
1869 1348 1944 1370 cor.

1036 1382 1338 1427 tin-amcortesque
1364 1391 1513 1417 vocant:
1541 1383 1670 1421 horum
1695 1386 1860 1419 omnium
1885 1381 1944 1416 su-

1030 1428 1200 1475 perfluam
1251 1427 1526 1471 amplitudinem
1563 1427 1587 1463 fi
1623 1430 1944 1469 conjunxerimus,

1030 1476 1177 1509 alteram
1200 1471 1322 1507 saltem
1349 1474 1448 1507 urbis
1474 1482 1613 1521 partem
1641 1475 1786 1509 inanem
1810 1474 1871 1510 effe
1887 1477 1944 1509 ni·-

1034 1522 1166 1556 mirum
1192 1521 1462 1563 cognoverimus
1488 1532 1500 1559 3
1525 1521 1703 1566 reliquum
1729 1532 1811 1554 vero
1847 1518 1871 1554 fi
1898 1521 1943 1555 ad

1034 1566 1218 1600 decentem
1244 1563 1431 1599 habitandi
1467 1568 1505 1600 in
1540 1565 1627 1600 urbe
1668 1566 1816 1601 modum
1854 1577 1943 1609 con-g

1034 1612 1238 1649 strinxeris,
1265 1612 1442 1644 inveneris
1464 1610 1665 1657 praesentem
1704 1611 1832 1646 urbem
1865 1623 1942 1646 non

1032 1656 1166 1691 sextam
1192 1665 1327 1703 partem
1351 1657 1529 1700 antiquae‚
1554 1655 1609 1691 sed
1627 1656 1874 1692 duodecimam
1890 1670 1943 1691 re-

1033 1702 1188 1738 manfiffe
1213 1715 1224 1742 3
1251 1699 1394 1748 praesens
1422 1703 1543 1749 itaque
1569 1714 1646 1748 pars
1671 1701 1878 1737 duodecima
1893 1703 1943 1738 est

64 1759 115 1791 ita
142 1750 172 1786 se
197 1751 301 1789 habet
325 1762 335 1783 :
374 1747 469 1794 quod
492 1749 558 1784 hoc
590 1748 695 1784 modo
721 1747 825 1783 facile
848 1747 893 1783 est
913 1749 1187 1798 vi-Dantiquae
1211 1771 1222 1788 ‚
1253 1746 1422 1782 undecim
1446 1760 1528 1783 vero
1549 1748 1692 1794 reliquae
1712 1747 1832 1782 deletae
1847 1746 1945 1783 sunt:

67 1799 147 1834 dere
170 1820 182 1838 ·,
219 1808 310 1843 pone
345 1793 562 1831 diametrum
597 1793 773 1840 praesentis
797 1793 860 1830 effe
883 1805 969 1841 qua-

1035 1797 1246 1843 Qnetiam
1271 1792 1333 1828 ubi
1351 1794 1423 1828 haec
1448 1795 1498 1828 ita
1527 1792 1558 1828 se
1593 1793 1720 1829 habere
1754 1795 1940 1833 novimus,

67 1855 150 1882 tuor
175 1843 332 1890 pedum3
359 1852 466 1886 pones
497 1842 606 1876 etiam
639 1837 855 1875 diametrum
884 1839 979 1874 anti·
1034 1849 1257 1887 compertum
1283 1850 1423 1886 quoque
1445 1839 1488 1874 est
1512 1861 1525 1879 ‚
1553 1839 1577 1875 fi
1601 1840 1714 1874 nostra
1739 1839 1944 1885 tempestate

66 1902 180 1935 quum
202 1889 264 1924 effe
293 1885 423 1933 pedum
439 1884 559 1920 decem
587 1884 655 1929 (est
681 1899 717 1921 n.
732 1885 838 1932 dupla
852 1882 977 1932 sesqui-

65 1939 204 1976 altera)
230 1930 483 1977 constituasque
509 1933 629 1967 ambas
654 1931 844 1968 diametros
867 1935 903 1966 in
919 1943 975 1965 ea-

67 1983 148 2017 dem
176 1981 295 2019 linea,
320 1990 395 2024 quae
418 1979 459 2013 fit
485 1976 605 2014 decem
631 1978 760 2026 pedum
778 1979 973 2014 A.D.hanc

68 2024 227 2063 diviseris
252 2027 290 2059 in
313 2023 448 2058 duobus
477 2024 563 2059 locis
589 2028 627 2060 B.
665 2026 696 2058 δε
724 2026 767 2059 C.
807 2027 901 2059 itaut
929 2021 974 2057 li-

66 2085 134 2109 nea
157 2076 201 2106 A.
230 2074 267 2105 B.
288 2069 329 2105 fit
352 2071 552 2115 quantitate
579 2079 730 2118 quatuor
753 2069 882 2117 pedum
905 2096 912 2103 .
939 2071 975 2102 1-

69 2129 141 2155 tem
169 2120 206 2152 ss.
226 2118 268 2151 C.
303 2115 454 2150 totidem
489 2137 501 2154 ι..
538 2118 580 2151 C.
606 2119 650 2151 D.
685 2129 767 2152 vero
794 2124 974 2150 remaneat

69 2164 182 2198 duum
208 2161 336 2208 pedum
358 2184 369 2200 ‚
391 2160 516 2195 deinde
541 2162 730 2196 constituas
759 2161 974 2208 quadratum

67 2209 172 2255 supra
198 2209 330 2242 lineam
363 2210 405 2241 A.
434 2209 479 2241 D.
511 2208 631 2242 erefii'fs
671 2208 774 2242 lineis
802 2210 846 2242 D.
871 2210 917 2242 G.
943 2210 972 2240 δε

1033 1892 1072 1924 in
1097 1887 1183 1922 urbe
1208 1885 1342 1921 fuerint
1363 1888 1502 1921 civium
1529 1886 1571 1920 ad
1595 1887 1748 1931 quatuor
1785 1885 1901 1919 millia
1925 1909 1942 1928 ,

1031 1938 1071 1970 in
1092 1935 1239 1979 antiqua
1262 1932 1362 1966 censa
1390 1930 1487 1967 fuisse
1515 1931 1556 1966 ad
1579 1932 1843 1979 quinquaginta
1856 1933 1947 1967 mil-f

1031 1982 1078 2018 lia
1107 1991 1119 2019 3
1143 1976 1223 2013 sunt
1243 1979 1342 2013 enim
1368 1979 1406 2012 in
1433 1978 1518 2013 urbe
1552 1975 1715 2026 praesente
1740 1975 1832 2012 haud
1851 1988 1942 2022 paua

1031 2029 1140 2061 ciores
1163 2036 1270 2071 quam
1289 2022 1516 2070 septingentae
1529 2025 1690 2063 aedes‚in
1721 2022 1853 2058 aedibus
1877 2036 1939 2058 ve-

1030 2072 1068 2108 ro
1105 2071 1253 2116 singulis
1289 2070 1487 2116 plurimum
1524 2068 1602 2105 sena
1643 2070 1781 2103 civium
1815 2071 1935 2112 capita

1031 2119 1155 2153 colunt
1176 2138 1188 2156 ‚
1214 2116 1321 2164 idque
1356 2116 1462 2151 servis
1488 2129 1507 2150 a
1547 2117 1863 2151 connumeratione
1889 2114 1938 2150 se-

1031 2166 1140 2201 moris
1167 2189 1177 2197 .
1204 2164 1417 2206 Quinetiam
1444 2175 1486 2199 ex
1518 2160 1611 2198 hisce
1647 2159 1844 2196 rationibus
1879 2165 1935 2196 vi-

1030 2209 1130 2244 detur
1153 2211 1191 2243 in
1214 2209 1364 2254 antiqua
1389 2207 1477 2245 urbe
1502 2208 1653 2245 extitisse
1682 2206 1725 2241 ad
1750 2207 1826 2241 offro
1853 2209 1939 2241 rnil-

68 2259 118 2290 A.
139 2257 182 2289 K.
210 2262 316 2299 atque
343 2251 444 2286 duSta
462 2252 555 2287 linea
587 2256 629 2287 K.
654 2254 702 2287 G.
729 2257 818 2288 Item
837 2253 973 2289 dividas
985 2257 1081 2305 Elia
1103 2255 1230 2290 :edium
1257 2279 1267 2288 .
1294 2257 1430 2289 Verum
1458 2257 1524 2291 hoc
1561 2252 1674 2299 ipsum
1703 2265 1776 2287 non
1809 2252 1853 2287 est
1877 2251 1937 2286 us-

66 2301 201 2335 lineam
228 2298 377 2332 emeram
404 2300 451 2332 D.
483 2300 531 2332 G.
554 2297 661 2332 duob.

65 2348 105 2381 F.
132 2347 204 2389 pari
247 2340 369 2378 mensu
402 2354 471 2387 quo
497 2342 608 2378 divisa
646 2344 691 2378 est
727 2345 821 2379 linea
853 2348 897 2380 A.
926 2347 973 2379 D.

65 2390 189 2426 eodem
212 2387 316 2425 modo
340 2388 477 2423 dividas
505 2389 638 2423 lineam
665 2388 684 2423 e
724 2391 863 2434 regione
901 2402 975 2424 ere-

69 2437 164 2471 &am
194 2439 238 2470 A.
260 2436 304 2469 K.
330 2436 366 2467 in
395 2435 533 2480 punelis
560 2437 612 2470 M.
638 2434 858 2470 L.flmiliter
885 2448 971 2483 quo-

71 2493 140 2529 que
164 2479 301 2515 dividas
328 2480 458 2514 lineam
482 2481 524 2514 K.
550 2483 597 2515 G.
625 2493 667 2514 ex
699 2479 888 2517 transverso
915 2482 974 2517 de-

66 2529 237 2574 scriptam
261 2525 424 2561 videlicet
449 2527 488 2560 in
512 2526 652 2571 punffis
680 2529 707 2560 Ι.
726 2529 773 2562 Η.
799 2528 972 2575 ducasque

65 2572 192 2614 deinde
227 2575 337 2609 lineas
369 2571 500 2605 medias
537 2574 590 2606 M.
621 2575 661 2607 E.
689 2574 719 2606 δι
746 2576 787 2607 L.
814 2576 849 2608 F.
882 2577 971 2610 item

66 2623 104 2656 R.
128 2621 155 2652 I.
179 2621 210 2652 &c
236 2620 278 2653 C.
302 2620 350 2652 H.
376 2615 483 2651 fecisti
518 2619 587 2658 iam
628 2617 841 2660 quadratum
872 2619 970 2664 super

64 2666 199 2701 lineam
227 2667 270 2698 A.
295 2665 341 2697 D.
369 2661 462 2708 quod
491 2667 586 2708 capit
621 2663 832 2710 quadratum
871 2667 971 2700 lineae

67 2715 111 2745 A.
132 2712 170 2743 B.
194 2710 300 2745 sexies
320 2720 406 2743 'cum
432 2719 556 2754 quarta
583 2736 594 2746 .
621 2713 782 2756 Namque
811 2715 852 2746 A.
867 2713 909 2746 C.
926 2714 970 2746 O.

697 2300 838 2344 punfftis
872 2303 914 2334 E.
944 2301 974 2332 &
1033 2313 1240 2354 quequaque
1282 2298 1545 2335 asseverandum
1581 2323 1592 2333 .

1639 2301 1733 2333 Nam
1770 2301 1809 2333 in
1847 2299 1935 2342 urbe

1030 2359 1158 2388 majore
1182 2349 1291 2380 etiam
1317 2347 1403 2387 aedes
1429 2348 1576 2387 majores
1603 2346 1788 2390 aliquanto
1811 2344 1936 2379 stetisse

1030 2392 1128 2426 decet
1153 2414 1164 2430 ‚
1191 2391 1232 2426 ad
1260 2389 1315 2426 sex
1342 2391 1456 2426 millia
1478 2390 1562 2427 verb
1596 2390 1780 2425 excrev1ffe
1801 2413 1813 2430 ‚
1849 2403 1935 2436 proff

1028 2437 1181 2471 babilius
1217 2437 1261 2471 est
1282 2459 1293 2475 ‚
1328 2440 1511 2480 reputanti
1546 2445 1689 2471 tantum
1720 2436 1937 2472 continuisse

1030 2483 1180 2517 domun?
1202 2487 1388 2529 antiquam
1413 2505 1424 2522 ‚
1449 2491 1624 2530 quantam
1661 2493 1759 2517 nunc
1782 2490 1934 2528 occupat

1028 2528 1153 2562 domus
1173 2541 1343 2565 unacum
1368 2531 1571 2574 quincunce
1590 2553 1600 2563 .
1626 2531 1825 2564 Numerum
1849 2525 1934 2562 verb

1027 2576 1165 2610 civium
1190 2597 1201 2614 ‚
1226 2577 1344 2622 potius
1369 2574 1468 2610 fuiffe
1494 2573 1664 2614 maiorem
1693 2595 1705 2612 2
1738 2571 1844 2619 quam
1869 2573 1934 2620 qui

1028 2620 1132 2666 paulo
1159 2629 1240 2656 ante
1266 2621 1422 2667 prolatus
1455 2621 1502 2657 est
1543 2645 1554 2655 .
1593 2623 1686 2655 Nam
1708 2631 1778 2665 quo
1808 2618 1933 2665 domus

1028 2667 1073 2702 est
1097 2667 1262 2702 illustrior
1294 2668 1474 2714 maiorque
1495 2690 1507 2706 ‚
1545 2680 1585 2702 eo
1608 2667 1717 2700 etiam
1756 2664 1932 2699 familiam

1028 2711 1301 2748 numerosiorem
1326 2712 1452 2748 habere
1471 2725 1532 2759 par
1554 2712 1599 2748 est
1629 2723 1640 2751 3
1665 2710 1785 2746 census
1810 2716 1930 2756 itaque

65 2760 108 2792 L.
137 2753 215 2791 sunt
241 2764 396 2802 quatuor
418 2755 587 2799 quadrata
612 2755 674 2791 fibi
694 2757 838 2803 aequalia
853 2784 861 2792 .
878 2760 1013 2806 ItemF
1028 2761 1165 2793 civium
1192 2757 1263 2793 fuit
1284 2760 1537 2801 congruentior
1552 2780 1563 2798 ‚
1590 2760 1652 2804 qui
1686 2756 1727 2792 ad
1751 2754 1933 2801 sexaginta

64 2804 230 2837 columna
251 2804 296 2836 D.
322 2802 368 2835 N.
390 2802 422 2835 δε
445 2802 553 2836 altera
577 2802 743 2837 columna
782 2805 826 2837 N.
858 2807 892 2838 F.
917 2801 969 2836 so-

65 2849 177 2886 ciatae,
198 2848 391 2893 junffiaeque
406 2846 487 2881 sunt
504 2849 649 2892 aequales
673 2848 845 2893 quadrato
868 2850 967 2884 lineae

67 2896 113 2926 A.
143 2894 179 2926 Β.
203 2892 283 2927 sunt
309 2894 408 2927 enim
431 2891 581 2927 dimidia
610 2894 770 2939 quadrati
803 2907 814 2934 3
844 2894 967 2929 simili-

67 2945 118 2970 ter
143 2935 174 2970 se
199 2937 328 2972 habent
348 2939 515 2973 columna
538 2942 581 2973 L.
608 2942 636 2973 Ι.
658 2941 688 2972 δε
717 2941 745 2972 l.
766 2941 811 2974 O.
826 2939 907 2974 sunt
929 2953 965 2973 n.

65 2983 211 3027 :equales
235 2982 402 3027 quadrato
423 2985 523 3019 lineae
547 2988 593 3018 A.
618 2987 654 3019 B.
681 2982 761 3020 sunt
783 2987 893 3030 igitur
907 2983 962 3020 sex

65 3027 235 3071 quadrata
261 3028 358 3064 lineae
387 3033 428 3066 Α.
454 3032 491 3064 Β.
518 3029 729 3076 quadratum
766 3044 849 3066 vero
886 3043 963 3076 par-

65 3083 153 3108 vum
199 3077 248 3109 H.
270 3075 305 3106 F.
329 3074 373 3108 est
409 3084 533 3123 quarta
566 3088 644 3121 pars
669 3076 832 3122 quadrati
868 3077 960 3111 linea

65 3122 111 3153 A.
136 3122 173 3154 B.
200 3121 244 3154 est
268 3121 362 3153 enim
386 3121 593 3167 produaum
616 3134 658 3156 ex
686 3122 834 3156 dimidia
863 3123 961 3156 lineae

65 3170 110 3201 A.
138 3169 174 3202 Β,
202 3168 322 3212 Qare
351 3166 562 3211 quadratum
586 3168 686 3202 lineae
701 3175 743 3202 A.
766 3170 812 3203 D.
836 3168 880 3202 est
903 3165 970 3202 ses-

63 3214 237 3259 cupulum
276 3208 553 3258 sesquiquartum
581 3212 750 3260 quadrato
798 3214 897 3249 lineae
923 3218 965 3249 A.

65 3261 104 3293 B.
126 3257 221 3294 Idem
245 3258 290 3291 est
312 3256 430 3292 videre
454 3259 493 3291 in
517 3260 672 3294 numeris
708 3285 716 3293 .
755 3261 916 3306 Namque
941 3258 966 3293 fi

64 3304 155 3339 latus
178 3309 221 3339 A.
249 3306 295 3339 D.
320 3302 361 3336 fic
394 3303 512 3338 decem
539 3306 610 3345 ejus
649 3304 862 3349 quadratum
898 3307 966 3338 erit

64 3358 210 3384 centum
235 3363 244 3384 ε
271 3354 303 3385 ὃς
328 3347 352 3382 fi
382 3353 424 3385 A.
453 3351 489 3382 B.
514 3348 604 3384 latus
643 3348 684 3385 sit
719 3361 869 3396 quatuor
892 3370 905 3389 ‚
932 3363 966 3383 e-

64 3395 117 3436 ius
143 3395 353 3441 quadratum
378 3398 444 3432 erit
482 3392 659 3434 sexdecim
687 3421 696 3430 ·
730 3398 967 3433 Centenarius

1028 2804 1143 2839 millia
1165 2806 1326 2850 capitum
1350 2806 1508 2839 excrevit
1523 2829 1532 2838 .
1561 2803 1636 2838 Nili
1659 2815 1797 2849 quoque
1811 2809 1933 2836 tantus

1025 2849 1140 2887 fuiffet
1165 2852 1313 2894 populus
1336 2850 1496 2884 Nolanus
1521 2871 1532 2888 ‚
1572 2861 1637 2886 nec
1671 2848 1934 2894 amphitheatra

1024 2895 1161 2930 nobilia
1184 2895 1333 2930 condere
1354 2917 1367 2934 ‚
1410 2907 1524 2942 neque
1557 2894 1774 2931 Annibalem
1800 2902 1928 2929 arcere,

1024 2953 1063 2975 ac
1087 2941 1229 2975 vincere
1250 2963 1262 2980 ‚
1287 2940 1393 2987 idque
1421 2949 1472 2976 ter
1498 2942 1657 2977 valuiffet
1686 2965 1696 2974 .
1727 2939 1783 2975 Est
1812 2945 1931 2971 autem

1022 2988 1114 3021 Nola
1137 2984 1279 3032 prresens
1315 2988 1493 3032 reliquum
1519 2985 1696 3033 quoddam
1721 2996 1795 3026 e1us
1818 2985 1930 3028 partis

1025 3034 1201 3078 antiquae,
1227 3044 1302 3078 quae
1327 3041 1406 3066 tum
1431 3034 1563 3067 art‘lum
1579 3055 1589 3071 ‚
1615 3041 1694 3066 tum
1723 3039 1841 3065 ortum
1855 3028 1931 3068 spe·

1019 3077 1134 3113 &abat
1162 3089 1173 3116 3
1197 3089 1351 3124 namque
1379 3078 1521 3122 praesens
1547 3078 1628 3112 urbs
1652 3074 1670 3109 ὲ
1696 3076 1843 3112 meridie
1854 3071 1931 3119 spe-

1021 3124 1092 3158 &rac
1116 3124 1418 3170 amphitheatrum
1445 3135 1686 3159 marmoreum
1704 3146 1716 3162 ‚
1741 3121 1784 3156 ab
1806 3117 1924 3155 occasu

1023 3182 1106 3203 vero
1127 3170 1328 3205 latericium
1352 3180 1363 3207 3
1398 3181 1474 3215 quae
1497 3171 1591 3204 intra
1617 3169 1740 3204 urbem
1775 3175 1930 3203 veterem

1024 3216 1174 3251 extitiffe
1196 3213 1343 3255 dietum,
1368 3224 1659 3264 compertumque
1684 3215 1742 3250 est.
1923 3219 1926 3225 ’

1734 3445 1800 3480 DE
1825 3442 1886 3476 FI-
