2404 3882
82 213 216 256 „⁹101
406 196 998 252 ix‘MBRost

79 305 238 344 hominis
254 325 263 336 -
289 304 366 344 βαρύ
381 315 521 352 nanque
546 301 778 348 ponderosum
803 301 847 337 est
873 326 882 337 .
908 297 1018 337 Cat-A

79 352 146 389 dus
172 351 270 384 enim
297 348 476 383 vasculum
490 349 533 382 est
551 350 735 394 ligneum,
758 346 851 394 quod
865 356 977 394 quum

79 400 230 446 plenum
247 391 312 432 Gt,
339 393 380 429 fit
406 393 563 429 hominis
591 393 718 435 justum
737 395 778 428 ad
794 391 978 427 ferendum

108 439 243 476 ondus:
269 451 360 484 equo
383 451 465 482 vero
487 449 554 475 tres
574 438 650 474 cadi
678 440 800 483 justam
823 437 977 483 saginam

78 454 325 529 feminamque
343 483 505 521 faciunt.
531 482 711 519 Venditur
733 493 852 519 autem
879 482 977 516 Nolae

80 533 164 570 vini
185 529 323 565 dolium
353 552 365 568 a
401 542 511 576 quum
536 530 690 565 mustum
714 530 757 564 est
778 551 790 568 ‚
825 529 977 573 triginta

77 577 281 623 argenteis.
309 576 364 610 Est
391 576 510 610 autem
535 584 717 622 argenteus
741 584 908 609 nummus
935 584 979 606 ex

79 629 229 667 argento
254 619 418 667 ponderis
440 630 593 667 quatuor
619 618 886 665 scrupulorum:
912 618 979 651 ho-

78 679 162 705 rum
189 664 317 709 singuli
355 669 480 701 vicena
505 678 612 712 grana
647 664 820 700 frumenti
847 661 978 708 ponde-

77 721 163 750 xant
185 736 195 744 .
224 711 476 746 Avellanarum
500 720 616 746 autem
659 709 792 744 summa
818 708 978 744 collefflo

80 756 127 793 est
142 755 320 803 sexaginta
340 756 693 800 centenariafNolana
706 768 717 789 ·.
731 756 976 799 centenarium

80 813 166 839 vero
196 803 345 847 triginta
373 798 627 849 modios'capit
657 800 828 840 3m0dius
854 795 1019 842 avella-JB

79 859 210 886 narum
235 846 325 892 apud
355 848 508 889 Nolanos
546 846 707 880 mensura
733 846 776 880 est
804 844 923 879 decem
945 846 975 879 δε

79 893 159 935 φᾶο
180 893 427 938 tumulorum,
453 897 514 926 aut
541 890 624 926 duas
644 892 797 938 jumenti
826 891 975 924 sarcinas

78 940 245 983 capiens3
271 936 402 983 fingula
427 940 524 971 enirn
548 936 706 976 jumenta
739 947 894 970 novenos
917 943 974 968 tu-

80 983 198 1019 mulos
211 983 291 1023 juste
306 981 392 1016 ferre
406 982 566 1028 poffunt:
593 984 752 1026 tumulus
777 992 859 1016 vero
883 980 978 1013 avel-

78 1029 243 1064 lanarum
272 1025 432 1061 mensura
454 1027 498 1061 est
527 1029 671 1072 capiens
697 1026 817 1060 decem
843 1027 873 1059 δε
899 1024 976 1062 οὲὲο,

79 1073 196 1109 rotula
229 1084 311 1106 cum
349 1070 477 1119 semisse
504 1072 573 1108 fere
596 1095 607 1112 ‚
645 1084 787 1119 nanque
813 1071 975 1115 tumulus

76 1117 250 1155 frumenti
277 1116 454 1164 lx.rotula
477 1120 575 1165 capit
599 1140 610 1157 ‚
634 1120 794 1154 rotulum
826 1129 908 1156 vero
930 1115 975 1150 est

76 1161 196 1209 pondo
223 1163 370 1208 triginta
394 1165 506 1198 trium
528 1166 718 1199 unciarum
729 1174 812 1197 cum
829 1163 972 1196 triente:

76 1209 184 1242 uncia
210 1220 294 1242 vero
315 1207 451 1255 pondus
476 1210 519 1243 est
542 1210 691 1254 triginta
717 1205 975 1254 scrupulorum.

76 1253 290 1299 Qinetiam
314 1262 457 1289 centum
479 1255 592 1290 rotula
617 1255 753 1300 pondus
777 1253 975 1295 complent,

76 1297 172 1349 quod
200 1306 384 1332 cantarum
422 1301 650 1335 circumflexa
691 1299 893 1347 penultima
918 1298 1022 1338 vc-C

76 1352 162 1378 cant
187 1344 318 1378 Nolani
343 1368 352 1378 .
377 1343 620 1391 Qmobrem
647 1343 670 1387 fi
696 1344 850 1391 pondera
882 1343 979 1378 avel-

72 1389 239 1424 lanarum
262 1391 445 1434 collegeris
461 1414 471 1431 ,
496 1401 571 1434 que
594 1390 632 1424 in
659 1401 731 1424 uno
754 1387 835 1433 sunt
859 1387 977 1424 cente-

74 1435 201 1474 nario,
228 1436 387 1469 invenies
412 1437 661 1479 centenarium
685 1446 797 1482 capax
819 1430 880 1468 effe
893 1431 977 1467 cen-

73 1488 157 1514 tum
181 1481 409 1515 cantatorum
424 1493 435 1514 t
460 1481 527 1519 hoc
554 1477 599 1514 est
623 1482 872 1515 centenarium
891 1489 975 1512 can-

76 1532 236 1559 tarorum
251 1547 263 1564 ‚
290 1524 383 1570 quod
406 1526 475 1561 sine
492 1526 554 1569 illa
570 1524 765 1560 adieetione
795 1523 977 1570 proferen-

79 1579 132 1604 tes
158 1591 170 1608 ‚
195 1573 431 1605 centenarium
457 1571 638 1621 appellant
657 1583 667 1603 t
695 1570 858 1616 quodque
883 1568 975 1605 dune

78 1622 177 1661 taxat
204 1615 244 1650 de
258 1615 429 1654 avellanis
453 1615 686 1664 intelligunt.
716 1618 838 1662 Neque
854 1624 973 1649 tamen

77 1661 149 1697 haec
171 1659 322 1706 pondera
335 1660 507 1697 audienda
531 1659 614 1694 sunt
631 1681 642 1698 ‚
668 1657 780 1707 quum
807 1661 974 1694 avellanae

76 1705 177 1742 ficcae'
189 1704 323 1740 fuerint
338 1718 348 1739 ε
364 1705 416 1740 sed
434 1717 513 1741 tum
527 1728 538 1745 ,
559 1716 670 1751 quum
685 1707 726 1740 de
739 1706 904 1751 coryletis
918 1705 980 1739 dc-

74 1763 180 1788 mum
194 1751 402 1787 vehuntur.
429 1753 686 1787 Centenarium
709 1750 976 1788 veromensura‚

1050 192 1690 242 risnel-118

1033 304 1131 329 mum
1152 289 1386 338 adaperiunt:
1413 289 1557 334 opipare
1585 287 1750 334 lauteque
1777 287 1858 322 illos
1890 289 1950 322 ex.

1035 342 1200 386 cipiunt,
1226 346 1267 371 ut
1292 334 1496 382 spee‘tatores
1524 331 1687 377 testesque
1714 333 1866 367 habeant
1895 344 1950 366 or-

1036 393 1286 421 namentorum
1324 390 1427 427 atque
1453 389 1533 422 erga
1571 378 1713 410 cunnos
1739 381 1869 413 innatae
1897 376 1950 411 fa-

1036 431 1257 466 miliaritatis
1270 454 1278 461 .
1293 425 1402 462 Cibos
1417 423 1624 459 rusticorum
1653 421 1797 465 fugiunt
1812 448 1820 456 .
1849 426 1946 457 Lau.

1035 476 1121 511 dant
1146 471 1256 520 siquid
1272 467 1394 507 ornate
1408 469 1543 503 digium
1569 465 1743 500 faSi-umve
1768 465 1950 502 senserint:

1035 519 1187 556 sordidos
1201 517 1376 555 oderunt,
1393 514 1582 558 castigant.
1610 520 1650 545 ut
1665 510 1817 557 quisque
1831 522 1950 555 quan.

1038 577 1117 602 tum
1145 564 1221 600 fieri
1241 562 1344 606 poffit
1370 560 1523 606 eleganti
1549 556 1765 602 ,honestaeque
1781 559 1866 603 vitae
1891 560 1949 591 in-

1035 612 1179 657 dulgeat
1195 635 1204 644 .
1233 611 1343 643 Natos
1367 608 1569 652 quinetiam
1581 602 1772 647 diligenter
1799 613 1837 635 ac
1862 600 1951 635 libe-

1037 658 1159 692 raliter
1184 654 1337 689 educant
1360 665 1371 686 ·.
1403 661 1515 696 neque
1540 646 1632 682 hisce
1681 649 1845 681 contenti
1881 645 1951 679 stu-

1036 701 1122 736 dent
1153 703 1261 735 etiam
1299 702 1335 733 in
1377 693 1627 741 nuncupandis
1662 692 1747 729 filiis
1775 704 1787 731 3
1811 692 1944 726 volunt

1035 750 1133 782 enim
1160 749 1189 779 ὃς
1214 746 1339 792 puellis
1366 746 1396 778 δι
1424 744 1541 788 pueris
1569 739 1685 775 statim
1712 741 1798 773 ortis
1824 738 1951 771 nomi-

1036 807 1079 828 na
1102 791 1248 838 pulchra
1276 788 1394 824 indere
1411 813 1419 821 .
1446 784 1691 831 Qamobrem
1725 780 1948 828 pulchriores

1035 843 1065 875 ὃ(
1083 840 1177 873 viros
1206 835 1418 871 &mulieres
1446 834 1537 865 Nola
1551 833 1693 875 gignit,
1720 840 1828 874 quam
1857 839 1954 875 quae-

1038 887 1098 919 vis
1123 896 1165 919 ex
1192 877 1450 922 circumpositis
1478 877 1585 909 locis.
1616 878 1669 910 Ex
1683 875 1810 921 quibus
1835 871 1954 909 studiis

1037 942 1153 966 mores
1188 924 1415 975 placidiffimi
1456 920 1661 956 increbuere
1706 942 1718 958 ‚
1764 919 1955 965 praesertim

1036 984 1162 1010 mutua
1179 973 1344 1007 omnium
1368 967 1640 1003 benevolentia.
1662 967 1803 1001 Fafflon
1813 977 1846 999 es
1866 975 1957 1010 quo-

1035 1032 1102 1067 que
1127 1017 1289 1054 nesciunt
1316 1014 1476 1050 Nolani,
1502 1023 1615 1056 neque
1641 1008 1863 1049 homicidia,
1890 1022 1957 1044 ne-

1035 1077 1104 1107 que
1129 1063 1347 1110 proditiones
1360 1082 1371 1099 ‚
1398 1069 1509 1104 neque
1525 1057 1712 1091 latrocinia
1729 1055 1846 1090 ,Illud
1863 1067 1958 1101 quo-

1033 1123 1102 1158 que
1126 1113 1260 1143 mirum
1287 1105 1330 1140 est
1356 1128 1369 1145 ‚
1391 1105 1564 1149 nusquam
1586 1100 1676 1135 visas
1704 1102 1767 1138 effe
1795 1103 1956 1135 Nolanas

1039 1157 1241 1192 meretrices
1266 1173 1277 1190 ‚
1304 1162 1415 1198 neque
1442 1145 1622 1185 mendicos
1648 1159 1708 1194 per
1730 1149 1814 1182 alias
1845 1146 1951 1180 urbes

1033 1201 1154 1247 vagari
1170 1228 1179 1235 .
1204 1200 1370 1245 Qorum
1394 1195 1560 1230 omnium
1584 1191 1664 1227 fons
1703 1204 1808 1241 atque
1838 1193 1956 1236 magi-

1035 1247 1098 1281 stra
1123 1245 1167 1280 est
1181 1241 1369 1279 domestica
1389 1243 1548 1288 patriave
1577 1247 1682 1285 atque
1709 1240 1874 1286 pertinax
1899 1238 1954 1270 vi-

1039 1303 1081 1328 tae
1105 1292 1282 1336 elegantia
1319 1297 1426 1332 atque
1451 1286 1569 1320 cultus
1595 1310 1605 1318 .
1634 1285 1704 1319 Has
1731 1294 1814 1329 ergo
1840 1292 1956 1329 partes

1040 1339 1265 1374 Nolanorum
1291 1331 1445 1367 sentiens
1468 1332 1620 1378 joannes
1659 1328 1859 1365 Franciscus
1887 1329 1958 1362 Ca-

1038 1382 1210 1420 racciolus
1235 1387 1338 1426 poeta
1359 1378 1531 1415 illustris,
1555 1377 1682 1423 virque
1712 1374 1870 1410 moribus
1896 1375 1955 1407 in·

1036 1425 1262 1473 tegerrimis‚
1287 1435 1327 1458 ac
1353 1425 1408 1465 (ut
1440 1423 1554 1465 ajunt)
1582 1421 1765 1457 Petrarchi
1787 1419 1956 1460 Neapoli-

1035 1484 1135 1510 tanus
1167 1495 1180 1511 ‚
1205 1470 1424 1516 summopere
1452 1471 1483 1502 δε
1508 1468 1657 1501 nomina
1691 1470 1722 1501 ὅ(
1749 1476 1892 1511 corpora
1921 1465 1953 1497 δέ

1035 1520 1179 1564 ingenia
1206 1521 1236 1552 Sc
1251 1516 1465 1551 facilitatem
1480 1535 1491 1552 ‚
1518 1521 1622 1558 atque
1637 1513 1852 1557 elegantiam
1878 1511 1954 1543 No-

1034 1568 1154 1601 lanam
1191 1575 1263 1598 non
1292 1560 1396 1596 modo
1423 1556 1575 1594 mirifice
1603 1557 1769 1593 laudabat
1787 1578 1797 1594 ‚
1827 1566 1954 1589 verum

1034 1613 1144 1646 etiam
1181 1606 1422 1643 admirabatur
1455 1614 1666 1649 magnopere
1692 1626 1703 1643 ‚
1731 1613 1878 1647 eamque
1906 1600 1952 1634 ob

1039 1653 1112 1695 rem
1148 1651 1432 1701 frequentissime
1460 1648 1590 1684 Nolam
1629 1646 1810 1694 spaciandi
1839 1649 1954 1691 gratia

1036 1700 1067 1735 se
1091 1698 1295 1736 conferebat
1319 1723 1328 1732 .
1356 1701 1402 1732 Et
1427 1695 1597 1742 jovianus
1630 1698 1807 1728 Pomanus
1839 1692 1952 1725 nostra

1036 1746 1236 1790 tempestate
1265 1742 1534 1780 florentiffimus
1560 1737 1788 1785 philosophus
1817 1739 1848 1771 &t
1873 1747 1954 1783 poea

1809 195 1833 235 ’ῐ
1840 200 1896 240 οἱ

79 1796 174 1843 quod
187 1798 346 1842 primum
361 1808 378 1830 a
392 1792 544 1843 pondere
560 1794 742 1842 sumptum
758 1797 802 1832 est
814 1818 825 1835 ‚
838 1795 1068 1840 auditurDta
1096 1815 1106 1831 ⁷
1136 1791 1232 1825 urbe.
1248 1794 1279 1825 St
1306 1787 1466 1825 moribus
1503 1786 1652 1820 N0¹³nis
1680 1783 1876 1819 delestis&
1901 1782 1949 1816 est

76 1844 203 1877 tamin
218 1840 315 1876 siccis
333 1842 572 1889 antiquisque,
587 1845 656 1882 qua
673 1841 874 1877 recentibus
887 1841 982 1875 avel-

76 1889 192 1923 ianis.
221 1885 404 1922 Venditur
430 1897 547 1922 autem
565 1889 663 1924 Nolae
689 1885 831 1926 modius
854 1888 982 1927 avena-,-

74 1944 205 1969 narum
233 1930 456 1977 frequentius
481 1933 599 1972 xxiiij.
615 1935 808 1978 argenteis

161 2024 254 2073 DE
312 2024 787 2076 ELEGANTIA,
822 2028 900 2080 ET

75 2077 90 2083 ⁷
246 2087 373 2142 gratis
404 2085 590 2126 moribus
620 2083 803 2136 Nolano:

465 2154 573 2184 rum.

318 2248 349 2282 c
397 2251 428 2284 A
479 2253 517 2285 P.
610 2251 691 2298 vn

991 2304 1027 2344 E

76 2339 284 2415 SErvant
307 2339 439 2373 Nolani
467 2339 531 2375 hac
546 2342 657 2375 etiarn
683 2341 884 2386 tempestate
909 2351 1002 2376 mo-·

162 2394 213 2416 res
240 2384 319 2418 illos
345 2388 509 2430 antiquos
536 2394 640 2431 atque
660 2388 832 2421 vetustam
857 2388 986 2423 vivene

75 2421 117 2456 dl
139 2429 385 2476 ‘elegantiam3
412 2433 449 2464 in
475 2431 562 2465 urbe
588 2432 684 2465 enim
721 2433 819 2466 nulla
847 2432 987 2466 rustici-

76 2475 130 2506 tas
156 2472 296 2523 admissa
323 2475 367 2509 est
393 2501 402 2510 .
440 2478 511 2509 Soli
538 2478 634 2510 enim
659 2475 749 2511 fabri
777 2499 788 2516 ‚
813 2478 845 2511 δε
871 2488 987 2511 rerum

76 2519 283 2553 utenhlium
308 2519 454 2566 opifices
492 2522 658 2555 incolunt
685 2532 791 2568 atque
817 2522 887 2556 viri
917 2523 988 2567 pri-

78 2566 214 2602 marii,
238 2576 390 2610 quorum
415 2567 469 2603 (ut
486 2567 586 2609 no'li)
613 2569 864 2603 meminimus.
888 2569 986 2601 Gau-

74 2609 162 2662 dent
189 2610 352 2654 pulchris
377 2610 508 2645 aedibus
533 2610 812 2658 sumptuofisque
837 2611 990 2647 domici-

79 2653 138 2707 liis
163 2664 266 2701 atque
293 2655 416 2690 domus
450 2659 668 2691 ornamentis
685 2680 694 2693 ,
721 2656 910 2703 praesertim
938 2657 988 2690 le-

77 2700 123 2734 &h
140 2721 150 2738 ‚
175 2701 331 2734 cubiculi
347 2723 358 2740 ,
381 2703 560 2737 conclavis
575 2724 586 2740 ‚
613 2710 716 2748 atque
729 2702 878 2737 mensae:
905 2713 991 2745 gau-

77 2743 163 2780 dent
189 2745 343 2788 pulchris
372 2745 546 2786 vestibus,
571 2748 713 2781 annulis
730 2770 741 2786 ‚
767 2739 987 2794 gemmisque

77 2791 244 2824 mulieres
268 2802 351 2825 vero
378 2791 453 2827 solae
479 2803 599 2826 aureos
626 2801 766 2838 torques
781 2789 986 2836 ‚bullasque

80 2834 336 2878 pulcherrimas
362 2835 381 2871 ὲ
396 2838 487 2871 collo
510 2836 675 2880 pedentes
698 2838 830 2881 gestant
845 2860 856 2877 ‚
884 2847 988 2883 atque

79 2882 121 2913 in
146 2888 331 2927 utramque
367 2894 513 2919 manum
545 2882 696 2918 immissa
722 2883 807 2917 bina
841 2893 986 2918 ternave

82 2924 320 2973 dextrocheria
336 2949 347 2966 ‚
369 2928 423 2961 seu
440 2927 534 2962 dicas
550 2929 707 2963 armillas
719 2937 898 2973 argenteas
927 2939 989 2962 au-

82 2974 197 3006 realve
226 2991 237 3010 ‚
263 2983 349 3017 quas
375 2973 538 3006 manilius
562 2982 716 3008 vocant.
742 2973 984 3019 Qamobrem

83 3012 295 3051 Antonellus
328 3017 580 3063 Campobalius
633 3021 687 3053 vir
723 3022 840 3065 gravis
881 3028 985 3061 atque

82 3061 257 3113 censorius
282 3060 362 3106 saepe
395 3075 542 3098 numero
578 3075 718 3110 carpere
755 3063 983 3109 accusareque

82 3105 215 3144 solebat
242 3107 395 3143 Nolanos
421 3131 432 3148 ‚
470 3108 564 3156 quod
597 3111 705 3144 nimis
741 3109 987 3156 impenderent

82 3152 260 3191 vestibus,
285 3154 316 3186 δε
341 3162 467 3188 ornatu
493 3157 673 3200 corporis.
696 3158 860 3191 Utuntur
886 3155 986 3199 equis

82 3197 315 3245 mulabusque
339 3206 444 3244 atque
470 3197 575 3234 servis
591 3213 600 3234 ι
616 3201 716 3235 alunt
741 3212 843 3234 canes
856 3200 909 3234 ’ad
926 3211 986 3233 ve-

82 3242 244 3279 nandum
275 3266 286 3282 ‚
312 3253 418 3285 atque
443 3242 484 3278 ad
510 3245 760 3291 aucupandum
786 3248 986 3290 accipitres.

83 3291 135 3324 Hi
162 3292 258 3324 enim
279 3288 392 3324 edos-ti
432 3290 468 3322 in
493 3293 690 3324 coturnices
722 3290 741 3325 ὲ
765 3289 911 3325 domino
945 3289 986 3322 de

83 3344 191 3370 manu
219 3335 365 3370 immissi
389 3335 576 3373 involant,
601 3338 750 3379 capiunt
767 3358 778 3374 ‚
803 3345 906 3381 atque
930 3346 984 3368 ca-

82 3389 160 3425 ptas
183 3379 329 3416 domino
367 3379 504 3414 servant
530 3403 540 3412 .
578 3380 746 3416 Gaudent
786 3382 985 3425 quinetiam

81 3421 348 3472 hospitalitate,
376 3423 676 3471 libentiffimeque
700 3424 899 3473 hospitibus
923 3424 989 3459 do..

1038 1839 1122 1876 adeo
1141 1860 1154 1877 ‚
1173 1845 1213 1870 ut
1230 1837 1354 1884 pestem
1381 1831 1657 1878 Neapolitanam
1680 1829 1882 1875 fugiturus,
1910 1839 1948 1862 ο-

1043 1883 1189 1921 mnibus
1225 1878 1486 1922 circumpolitis
1524 1875 1671 1910 urbibus
1702 1872 1909 1921 posthabitis
1933 1894 1947 1912 ,

1043 1930 1173 1967 Nolam
1198 1927 1409 1963 diverterit,
1434 1935 1473 1957 ac
1509 1925 1544 1956 in
1575 1933 1612 1956 ea
1639 1924 1819 1965 integram
1844 1921 1955 1953 etiam

1042 1975 1190 2012 aestatem
1215 1984 1343 2017 magna
1368 1981 1449 2004 cum
1476 1968 1657 2014 voluptate
1680 1967 1746 2007 (ut
1773 1976 1836 2000 nos
1862 1963 1955 1997 vidi-

1042 2022 1135 2064 mus)
1156 2019 1369 2053 contriverit
1392 2041 1401 2050 .
1428 2015 1641 2050 Laurentius
1659 2023 1800 2059 quoque
1830 2011 1951 2048 Valla,

1043 2069 1105 2116 qui
1134 2067 1268 2100 Latinae
1284 2063 1454 2105 orationis
1480 2069 1584 2105 atque
1612 2059 1869 2102 elegantiarum
1893 2066 1955 2088 au-

1044 2124 1099 2150 tor
1129 2133 1140 2150 ‚
1166 2120 1204 2144 ac
1231 2109 1416 2153 indagator
1443 2106 1599 2140 summus
1621 2103 1791 2148 superiori
1819 2110 1956 2146 tempe-

1046 2161 1128 2195 state
1153 2157 1249 2194 fuit,
1274 2155 1403 2188 Nolam
1429 2151 1510 2196 saepe
1537 2148 1569 2183 se
1593 2147 1796 2184 conferebat
1823 2168 1834 2184 ‚
1861 2145 1955 2180 dele-

1045 2205 1162 2240 Status
1178 2202 1396 2234 Nolanorum
1423 2199 1582 2232 oratione.
1598 2217 1609 2234 ‚
1636 2207 1707 2229 non
1724 2192 1828 2227 modo
1843 2202 1952 2225 amoe-

1046 2262 1090 2284 na
1113 2271 1124 2286 ‚
1151 2255 1257 2290 atque
1284 2243 1327 2278 ab
1351 2245 1448 2278 omni
1477 2241 1672 2276 sufficiente
1706 2247 1837 2273 remota
1855 2259 1866 2275 ‚
1893 2235 1949 2270 led

1044 2296 1153 2329 etiam
1195 2289 1288 2336 quod
1323 2292 1511 2334 antiquam
1550 2287 1648 2320 Latii
1697 2286 1952 2330 proprietatem

1043 2342 1217 2374 lei-vatam
1247 2337 1284 2368 in
1311 2347 1348 2369 ea
1373 2332 1561 2368 videbatur
1589 2329 1800 2372 agnoscere3
1830 2328 1953 2372 proin-

1044 2384 1085 2418 de
1112 2381 1232 2426 saepius
1256 2379 1371 2414 dicere
1396 2377 1529 2412 solebat
1567 2388 1577 2409 t
1607 2376 1733 2410 Latina
1767 2374 1867 2407 verba
1893 2383 1952 2404 nec

1043 2433 1062 2463 ὰ
1088 2426 1247 2463 Barbam
1280 2424 1400 2459 reflius
1436 2435 1543 2472 quam
1579 2424 1597 2452 ἁ
1620 2421 1759 2455 Nolanis
1793 2428 1946 2465 promtu-

1045 2476 1135 2508 ciari
1154 2485 1164 2505 ·.
1191 2471 1303 2505 veluti
1330 2478 1551 2516 compertum
1586 2466 1778 2500 habuimus
1805 2462 1848 2497 ab
1873 2466 1951 2497 An-

1046 2518 1182 2554 tonello
1218 2517 1382 2550 Petrucio
1421 2514 1587 2550 Atellano
1617 2508 1800 2546 Laurentii
1837 2508 1956 2543 Vallae

1045 2563 1220 2609 discipulo
1245 2583 1257 2600 ‚
1295 2570 1399 2606 atque
1428 2558 1633 2604 I-hilippino
1662 2557 1821 2590 Bononio
1862 2557 1956 2588 Lau-

1046 2608 1139 2644 denfi
1162 2631 1173 2646 ‚
1214 2608 1275 2652 qui
1304 2617 1401 2640 nunc
1429 2604 1627 2640 monasterii
1653 2602 1765 2636 San-§ti
1797 2599 1948 2634 Baffiani

1044 2653 1372 2695 commendatarius
1396 2652 1441 2691 est
1469 2662 1479 2683 z
1518 2658 1670 2694 quorum
1708 2655 1857 2691 uterque
1891 2646 1948 2678 vir

1045 2703 1204 2747 optimus
1227 2706 1329 2742 atque
1343 2695 1559 2731 doenffimus
1583 2692 1724 2728 habitus
1750 2692 1819 2730 est,
1845 2699 1954 2735 atque

1047 2747 1150 2791 Regis
1191 2742 1403 2778 ferdinandi
1443 2742 1549 2788 primi
1587 2750 1607 2772 a
1634 2738 1774 2781 secretis
1813 2737 1952 2776 extitit.

1037 2793 1194 2836 Joannes
1213 2790 1417 2835 quinetiam
1434 2785 1600 2822 Attaldus
1623 2782 1846 2830 philosophus
1862 2792 1955 2826 prae·

1047 2834 1275 2873 stantiffimus
1289 2855 1300 2872 ,
1325 2843 1529 2879 quanquam
1547 2826 1842 2874 Archiepiscopus
1863 2828 1954 2860 Tra-

1047 2881 1161 2916 nenlis
1187 2888 1260 2914 erat
1287 2901 1298 2917 -,
1326 2882 1520 2920 ‚maximam
1550 2885 1667 2909 tamen
1704 2882 1842 2919 partem
1868 2880 1955 2905 aeta-

1048 2930 1094 2961 tis
1116 2927 1213 2961 Nolae
1241 2922 1453 2970 consumplit
1482 2935 1492 2956 ι
1514 2922 1575 2956 hic
1604 2929 1765 2955 mortuus
1789 2919 1833 2953 est
1857 2930 1867 2950 z
1893 2915 1953 2949 hic

1044 2982 1184 3018 quoque
1198 2979 1340 3016 opertus
1367 2969 1532 3004 tumulo.
1560 2965 1690 3000 Eadem
1718 2967 1858 2998 ratione
1874 2966 1949 2995 Au-

1046 3017 1153 3052 x'elius
1168 3017 1359 3051 Biennatus
1384 3018 1485 3061 poeta
1512 3021 1615 3056 atque
1631 3020 1747 3046 orator
1775 3010 1949 3054 optimus,

1045 3064 1108 3097 &si
1137 3059 1327 3106 Episcopus
1351 3069 1423 3094 erat
1451 3057 1646 3092 Martorani
1668 3078 1680 3095 ,
1709 3056 1800 3089 Nola
1827 3062 1949 3102 tamen

1045 3107 1188 3142 alle-{ius
1213 3103 1495 3151 frequentissime
1533 3101 1574 3135 ad
1605 3114 1682 3136 eam
1720 3099 1749 3135 se
1784 3100 1947 3134 coniere-

1045 3153 1129 3188 bat.
1159 3151 1317 3193 Annibal
1343 3152 1454 3183 etiam
1478 3148 1667 3194 Januarius
1708 3148 1766 3180 vir
1793 3147 1864 3178 acri
1890 3145 1950 3176 in-

1043 3199 1149 3243 genio
1176 3208 1215 3230 ac
1252 3197 1364 3229 literis
1390 3195 1560 3237 omnibus
1585 3201 1736 3227 ornatus
1762 3213 1774 3230 ‚
1798 3187 1862 3224 &si
1889 3192 1949 3222 Sa·

1045 3244 1135 3277 ierni
1158 3264 1170 3280 ,
1195 3241 1415 3285 Neapolique
1449 3240 1566 3274 multa
1592 3236 1700 3282 digua
1735 3233 1948 3282 possideret,

1043 3286 1126 3332 saepe
1154 3297 1302 3321 numero
1329 3295 1447 3320 tamen
1475 3286 1604 3319 Nolam
1627 3284 1656 3318 se
1683 3282 1840 3317 contulit
1858 3278 1950 3312 dele-

1041 3333 1152 3367 ἕξεως
1179 3331 1263 3365 urbe
1302 3342 1341 3365 ac
1366 3329 1524 3366 moribus
1556 3330 1742 3364 Nolanis}
1769 3324 1949 3360 Antonius

1042 3387 1181 3422 quoque
1209 3377 1377 3411 Galateus
1415 3386 1564 3422 utroque
1591 3370 1785 3409 literarum
1827 3369 1947 3402 chara-

1042 3423 1132 3456 aere
1162 3430 1268 3467 atque
1292 3420 1444 3457 scientia
1465 3421 1583 3500 c{amni
1607 3421 1664 3455 vir
1697 3417 1850 3459 massime
1877 3413 1946 3447 Cir*

1489 3501 1492 3502 γ
1550 3478 1570 3502 2
1801 3468 1902 3493 Cum?
