2404 3882
520 227 597 275 5'23
949 213 1365 266 IOANNIS

1449 219 1857 267 IVVENIS
2205 233 2287 271 524

464 318 491 350 Et
518 319 688 360 genitori,
703 323 824 363 praeter
836 317 965 352 Siciliae
990 320 1175 358 civitates,
1190 317 1411 360 obedituriA
1427 314 1528 351 illicb
1552 322 1666 364 copiis
1692 341 1704 359 ‚
1742 331 1828 367 quas
1850 329 1892 352 ex
1916 313 2076 351 Calabris
2105 316 2117 354 ,
2152 316 2334 352 Lucanis.

462 373 725 412 pervenerunt,
755 364 1005 399 ssohemundus
1018 373 1103 398 natu
1117 365 1368 407 major,quem

463 423 505 444 ex
530 409 644 459 prima
682 431 693 446 ,
730 417 771 443 ut
793 409 952 444 diximus
981 408 1151 444 Robertus
1177 408 1368 452 susceperat

461 462 637 497 coniuge,
661 454 783 490 dolens
804 457 960 489 nimium
978 476 989 493 ‚
1017 456 1246 499 nimiumque
1272 453 1369 487 indi·

461 498 530 545 gne
555 496 671 535 ferens
697 523 709 540 ‚
734 511 842 545 quam
872 501 969 534 nulla
995 498 1059 533 fibi
1084 503 1120 533 in
1149 500 1251 533 ltalia
1278 499 1369 531 civi-

462 554 577 579 tatum
607 557 684 591 pars
698 545 837 580 daretur
853 547 992 590 propria
1008 566 1019 582 ‚
1045 544 1180 580 classem
1201 555 1282 577 cum
1300 553 1368 576 ter-

462 589 627 626 restribus
652 593 765 637 copiis
799 590 1034 637 Hydruntum
1064 589 1206 624 advexit
1231 610 1242 626 ,
1270 587 1364 630 quod

463 638 525 670 vix
551 632 678 671 fecerat
694 659 704 676 ,
733 639 762 670 &
786 646 1020 683 quaecumque
1043 637 1227 679 genitori,
1252 637 1282 669 &
1309 633 1370 668 fibi

459 680 550 728 apud
577 683 759 717 Dalmatas
784 688 997 727 paruerant,
1027 680 1068 713 ad
1096 681 1372 714 AlexiumGrae-

460 740 544 765 cum
561 730 814 771 Imperatorem
840 724 1046 759 defecerunt
1062 751 1071 760 .
1099 727 1179 759 Hoc
1194 724 1265 770 ipso
1282 735 1373 759 tem-

462 786 543 820 pore
568 774 736 819 Rogerius
765 774 930 806 animum
957 769 1023 805 suae
1045 773 1081 804 in
1111 770 1215 805 Italia
1244 780 1370 815 poten-

461 823 518 854 tiae
543 816 747 860 adaugenda
775 814 966 850 intendens
1001 838 1013 855 ‚
1051 817 1211 860 Capuam
1244 815 1511 869 urbechum
1539 819 1711 862 Capuano
1736 819 1897 862 Principe
1924 813 2074 850 Ricardo
2100 811 2256 847 fraterno
2270 810 2338 845 ho-

463 862 707 910 potentissimo
731 860 889 897 invasam
915 864 1077 895 exercitu
1105 871 1283 906 toeperat,
1309 871 1367 893 cui

462 910 572 942 etiam
597 919 720 942 omnes
736 907 859 954 populi
875 929 887 946 ,
913 909 1134 952 quicumque
1153 906 1239 941 hinc
1264 903 1282 940 ὲ
1298 907 1371 951 Ty-

456 954 532 989 beri
559 974 570 990 ,
608 951 691 988 inde
716 966 734 987 a
765 952 915 987 Velitris
941 951 981 986 ad
1007 954 1231 996 Campanum
1262 953 1371 997 perti-

459 1007 546 1034 nent
574 1009 722 1043 agrum,
749 1000 832 1044 quia
863 1000 1012 1032 Romani
1029 996 1213 1033 Pontificis
1241 999 1370 1032 Roma-

457 1047 567 1089 nique
596 1043 719 1088 populi
749 1041 819 1086 iam
844 1053 1029 1077 enervatas
1055 1041 1227 1078 videbant
1252 1043 1367 1080 vires.

459 1087 523 1123 sese
552 1086 789 1134 permiserunt
817 1088 986 1134 regendos
1014 1113 1024 1122 .
1051 1086 1302 1122 Bobemundus
1326 1095 1367 1121 ut

457 1138 614 1181 primum
639 1133 824 1171 turbatos,
850 1145 888 1167 ac
909 1133 1082 1179 quassatos
1111 1133 1151 1166 de
1166 1134 1366 1179 navigatio-

458 1194 501 1215 ne
527 1190 633 1225 equos
658 1177 738 1213 satis
761 1178 911 1225 quiesse,
938 1181 968 1213 δε
992 1179 1128 1214 milites
1152 1180 1273 1212 omnia
1287 1177 1363 1211 bel·

455 1228 492 1261 lo
518 1224 701 1259 necessaria
728 1226 938 1268 comparasse
954 1222 1161 1268 conspexit,
1189 1222 1362 1269 Hydrun-

456 1281 492 1306 ιο
518 1272 607 1303 velis
630 1269 730 1316 paffis
758 1273 795 1305 in
823 1272 1013 1314 Rogerium
1040 1267 1186 1304 fratrem
1211 1270 1360 1313 naviga-

1429 362 1580 407 Appulis
1602 377 1672 399 non
1698 364 1865 400 omnibus
1893 385 1904 402 ,
1942 360 1995 395 sed
2023 373 2066 395 ex
2095 361 2226 406 Apulia
2268 358 2335 393 libi

1426 406 1603 448 sUbi'233‚
1627 419 1851 446 contraxerat
1879 431 1891 447 ·,
1917 410 1952 442 in
1983 407 2158 452 Melpliim
2185 407 2252 439 iter
2280 404 2335 438 ‹ii-

1427 455 1517 487 rexit
1558 475 1570 491 a
1608 454 1857 490 Boliemundus
1894 451 1978 487 verb
2012 451 2052 484 ad
2076 450 2196 485 decem
2217 449 2333 484 millia

1425 497 1558 536 habens
1583 498 1698 534 secum
1723 501 1858 535 milites
1882 508 2066 533 veteranos
2090 494 2150 528 sub
2172 495 2201 530 se
2216 496 2332 529 nutri-

1427 552 1504 582 tos,
1531 548 1561 578 ὁ(
1587 543 1814 589 disciplinam
1842 557 1858 578 a
1887 544 1919 579 se
1947 542 2084 577 edoStos
2111 541 2333 577 militarem,

1430 590 1468 622 in
1490 593 1694 636 propinquo
1718 590 1856 635 Melphi
1873 613 1883 628 ‚
1912 597 2109 632 nat-uroque
2134 588 2277 621 munito
2300 582 2333 618 se

1428 636 1724 674 continensloco‚
1740 636 1864 669 urbem
1881 658 1891 674 ,
1917 645 1999 668 cum
2023 632 2090 675 ipse
2105 631 2250 668 adesset,
2274 628 2333 662 de·

1428 681 1544 715 cernit
1578 680 1781 716 conservare
1824 692 1886 725 pro
1911 679 1939 714 se
1977 676 2138 711 adversus
2163 675 2334 710 fratrem:

1429 733 1534 770 atque
1558 736 1599 760 ut
1621 726 1687 761 hoc
1710 727 1840 761 melius
1878 748 1888 764 ‚
1925 727 1958 759 &e
1986 722 2126 757 facilius
2155 718 2335 755 efficeretz

1428 769 1542 805 foedus
1570 774 1657 805 iniit
1680 784 1762 806 cum
1793 774 2066 806 Beneventano,
2092 767 2146 802 vel
2172 767 2236 808 (ut
2253 764 2332 804 alil)

1429 862 1497 899 ste,
1522 864 1583 908 qui
1612 872 1650 895 ea
1676 861 1825 897 fratrum
1855 859 2027 896 discordia
2041 857 2254 903 percepta-in
2270 866 2333 901 pa-

1427 907 1536 942 triam
1554 907 1731 943 redierat:
1761 908 1895 942 bellum
1923 906 1988 942 hoc
2012 905 2083 942 iam
2105 901 2149 937 ab
2163 900 2332 936 omnibus

1426 953 1573 987 exitiale
1599 951 1807 988 habiturum
1832 956 1969 988 exitum
1991 948 2197 985 credebatur
2226 967 2238 984 ,
2263 942 2331 980 nisi

1426 999 1680 1044 inopinatum,
1710 999 2014 1044 improvisumque
2036 994 2225 1029 consilium
2241 993 2333 1029 acci·-

1424 1041 1525 1079 diffet
1539 1068 1548 1076 .
1574 1042 1741 1077 Urbanus
1755 1043 1920 1079 Pontifex
1932 1054 2015 1077 cum
2039 1042 2080 1074 in
2095 1040 2232 1074 Gallias
2252 1037 2327 1070 Pla-

1424 1091 1545 1123 centia
1566 1087 1681 1123 abiret
1698 1111 1709 1127 ‚
1735 1101 1809 1129 rem
1835 1097 2033 1124 memoratu
2054 1085 2200 1130 dignam
2215 1082 2259 1117 est
2271 1092 2330 1125 ag-

1422 1133 1574 1179 gressus.
1601 1133 1767 1168 Concilio
1793 1134 1887 1181 apud
1921 1133 2230 1167 Clarummontem
2266 1126 2330 1162 ha-

1421 1179 1526 1218 bito,
1550 1182 1601 1214 ita
1630 1181 1810 1226 principes
1835 1179 1962 1214 Galliae
1987 1177 2028 1214 ad
2057 1173 2333 1221 recuperandam

1418 1223 1701 1270 Hierosolymam
1737 1237 1754 1258 a
1779 1227 1974 1260 Sarraceuis
2007 1219 2143 1263 jamdiu
2182 1228 2334 1263 occupa-

1418 1280 1492 1305 tam
1516 1272 1690 1305 excitavit
1704 1293 1716 1308 ‚
1743 1279 1784 1306 ut
1796 1282 1890 1305 anno
1915 1268 2080 1303 restitutae
2094 1264 2216 1300 salutis
2231 1272 2346 1309 11094.>

455 1319 509 1350 vit
536 1338 547 1353 2
572 1318 602 1349 δι
627 1326 709 1350 cum
735 1315 800 1350 illo
824 1313 865 1348 ad
893 1317 1082 1349 Farnetum
1110 1336 1123 1352 ‚
1163 1317 1225 1360 qui
1255 1316 1405 1368 Bene-C
1419 1324 1618 1350 tercentum
1644 1316 1759 1350 millia
1784 1316 1972 1351 hominum
1999 1323 2131 1348 nomen
2166 1312 2206 1344 in
2231 1310 2332 1343 mili-

457 1370 633 1396 wentanus
659 1361 758 1395 locus
783 1360 826 1394 est
854 1380 866 1398 ‚
901 1359 1044 1394 aciebus
1065 1362 1239 1403 utrinque
1264 1359 1363 1394 mili-

454 1409 523 1442 tari
547 1408 674 1453 peritia
697 1406 856 1443 strufiiis,
879 1403 1044 1439 conflixit
1083 1428 1092 1438 .
1132 1407 1363 1438 Decertatum

454 1452 602 1488 tradunt
622 1452 743 1497 praeln'o
774 1449 865 1485 haud
893 1461 1073 1495 quaquam
1101 1446 1361 1487 eruent-‘odolo

457 1499 603 1533 homine
625 1500 662 1531 in
690 1509 731 1530 eo
754 1494 868 1530 occiso
894 1517 905 1533 ,
929 1507 1013 1533 nam
1038 1496 1199 1530 Comites
1221 1494 1363 1538 ‚paterni

457 1540 643 1586 utriusque
670 1543 845 1576 exercitus
871 1551 993 1586 pacem
1020 1540 1076 1574 his
1090 1537 1364 1573 conditionibus

456 1588 667 1636 propositis,
696 1590 726 1621 δι
754 1589 908 1630 acceptis
922 1583 1220 1630 composuerunt,
1247 1581 1364 1618 utl'ci-

455 1637 540 1670 licet
569 1633 797 1668 Rohemundo
825 1643 902 1676 pars
931 1629 1124 1664 obvenisset
1148 1628 1298 1662 ducatus
1314 1633 1363 1661 A-

451 1680 588 1729 puliae,
616 1681 647 1712 δε
678 1678 902 1723 principatus
928 1677 1145 1710 Tarentinus
1172 1684 1245 1708 tam
1274 1673 1360 1711 libi,

452 1737 560 1772 quam
586 1721 779 1760 haeredibus
807 1734 818 1762 3
845 1722 1012 1767 Rogerius
1035 1720 1185 1760 titulum
1211 1719 1360 1753 ducatus

455 1783 539 1806 eum
563 1771 696 1804 caeteris
719 1769 888 1802 retineret
914 1766 1080 1812 oppidis,
1105 1776 1180 1810 quae
1208 1774 1305 1810 pater
1319 1764 1358 1797 in

1419 1362 1507 1395 tiam
1533 1360 1767 1395 Christianam
1797 1360 1958 1397 dederint
1981 1380 1992 1398 ,
2018 1356 2227 1401 signumque
2249 1365 2331 1390 cru-

1417 1407 1468 1440 cis
1493 1403 1705 1451 susceperint
1728 1431 1737 1439 .
1765 1403 2013 1441 Bohemundus
2037 1404 2159 1436 animo
2184 1399 2331 1446 quidem

1418 1449 1616 1495 generosior
1648 1471 1660 1489 ‚
1697 1463 1780 1487 cum
1820 1459 1873 1485 tot
1904 1450 2083 1495 principes
2121 1444 2331 1481 clarissimos

1416 1497 1615 1542 plurimum
1662 1498 1780 1540 gioriae
1818 1517 1829 1534 ‚
1868 1497 1899 1529 ὃ(
1940 1495 2062 1528 meriti
2115 1489 2326 1525 consecutu-

1419 1551 1474 1574 ros
1505 1541 1721 1586 intelligeret
1759 1563 1770 1580 ,
1805 1552 1876 1587 quo
1916 1537 1998 1572 inde
2023 1537 2139 1572 multo
2165 1535 2330 1569 clariores

1418 1584 1558 1620 forentz
1584 1597 1736 1631 cumque
1757 1586 1892 1621 videret
1918 1585 2080 1618 militum
2106 1592 2231 1615 manus
2245 1591 2329 1614 cum

1418 1631 1518 1666 clafle
1543 1631 1726 1676 tripartiti)
1755 1631 1920 1677 profes-‘tas
1947 1650 1960 1666 ‚
1996 1637 2133 1675 partem
2159 1624 2327 1659 videlicet

1418 1688 1529 1710 unam
1551 1675 1787 1712 Brundusium
1815 1699 1826 1715 ‚
1853 1673 2074 1710 Barulensem
2106 1679 2249 1717 portum
2276 1669 2328 1703 al-

1415 1730 1528 1757 teram
1564 1741 1576 1759 ,
1613 1723 1644 1756 δι
1670 1725 1812 1757 tertiam
1837 1716 2065 1767 Hydruntum
2103 1739 2114 1756 ,
2155 1714 2328 1749 laudabili

1415 1765 1540 1800 exarsit
1563 1766 1788 1801 aemulatione
1812 1790 1823 1807 ‚
1864 1770 1894 1801 &
1926 1763 1969 1799 ab
1998 1761 2081 1809 ipsis
2101 1759 2327 1809 principibus

455 1818 560 1854 ltalia
588 1812 804 1863 possedisset,
833 1816 878 1848 Et
904 1813 939 1846 in
969 1811 1117 1846 Urbano
1143 1809 1293 1844 secundo
1307 1813 1530 1862 te-Dviris‚
1556 1810 1688 1856 quibus
1711 1823 1794 1846 cum
1811 1813 1908 1847 illico
1935 1813 1972 1843 in
1998 1809 2191 1844 sermonem
2209 1807 2327 1844 veuit,

456 1865 583 1899 statum
617 1860 762 1911 reliq-uit
782 1859 945 1894 Matina,
974 1857 1040 1890 lioc
1067 1857 1215 1890 eveuiss'e
1242 1857 1364 1901 praeci-
1419 1854 1555 1895 suasus,
1587 1856 1739 1891 liberum
1769 1860 1918 1904 Rogerio
1943 1854 2043 1890 fratri
2067 1851 2211 1890 effecit,
2238 1850 2329 1885 Meis

459 1906 527 1956 pue
552 1905 679 1940 summi
705 1902 809 1949 ipsius
837 1900 1020 1938 Pontificis
1034 1901 1268 1938 auriioritate,
1295 1898 1364 1934 fra-

457 1953 573 1988 tribus
600 1959 639 1984 ut
664 1948 706 1983 ab
733 1951 841 1983 armis
865 1946 1061 1981 desisterent
1088 1967 1099 1985 ,
1129 1947 1363 1988 imperantis,

457 2000 489 2034 se
514 1998 611 2031 enim
636 1994 803 2028 Urbanus
827 1991 1009 2037 Melphim
1031 1993 1234 2025 contulerat
1269 2012 1280 2030 ,
1317 1988 1369 2034 sy-

459 2042 595 2079 nodum
621 2040 673 2073 ibi
698 2038 912 2075 habiturus,
937 2048 1019 2070 cum
1047 2048 1169 2081 parum
1198 2038 1370 2071 Romanis

457 2092 528 2125 iam
556 2086 693 2133 pridem
718 2087 820 2119 novis
847 2083 948 2118 rebus
972 2080 1191 2115 studentibus
1213 2079 1368 2115 confide-

458 2127 513 2172 }et
541 2147 551 2167 ·.
580 2142 661 2178 pace
688 2129 777 2165 fasta
805 2130 974 2174 Rogerius
1004 2126 1183 2172 Melphim
1207 2125 1247 2159 ad
1277 2129 1368 2160 Pon·

460 2179 596 2216 tii-icem
627 2175 749 2213 vadit,
775 2177 806 2209 δι
833 2175 959 2218 ligium
989 2170 1044 2210 se,
1070 2183 1108 2205 ac
1125 2170 1366 2212 vasailurn(ut

458 2224 594 2267 ajunt')
620 2226 784 2256 Romanae
814 2217 972 2258 Ecclcliae
999 2216 1205 2251 devinciens
1227 2238 1238 2254 ‚
1263 2216 1369 2250 duca-

462 2282 545 2309 tus,
570 2272 600 2304 ὅ(
656 2275 786 2300 aternae
816 2262 1040 2299 successionis
1053 2260 1367 2296 confirmationem

458 2316 505 2352 ab
531 2315 595 2349 illo
616 2325 637 2346 o
666 2313 778 2346 tinuit
800 2334 811 2345 .
845 2307 984 2344 Exinde
1010 2316 1135 2341 contra
1163 2310 1366 2341 Sarracenos

456 2365 496 2397 in
514 2360 669 2394 Siciliam
686 2357 880 2398 trajiciens,
894 2350 1073 2400 Syracusas
1087 2354 1197 2398 coepit
1210 2373 1222 2391 ‚
1237 2354 1266 2386 8(
1283 2361 1369 2386 tunc

461 2406 594 2443 Halam
619 2401 763 2438 Roberti
787 2399 936 2435 frisonis
952 2397 1065 2446 filiam
1090 2398 1369 2432 duxituxorem:

462 2461 536 2487 erat
566 2447 659 2484 Friso
681 2458 797 2481 comes
826 2445 1043 2479 Flandrenlis
1068 2464 1079 2482 ,
1117 2446 1147 2476 Rc
1171 2453 1274 2476 antea
1298 2444 1371 2477 Da-

460 2507 592 2534 norum
624 2495 710 2537 Regi
749 2491 863 2528 filiam
895 2487 1041 2522 eandem
1076 2486 1365 2533 desponsaverat:

460 2554 506 2578 ex
535 2541 599 2576 hac
619 2537 794 2572 Robertus
820 2533 958 2568 duobus
984 2535 1021 2566 in
1044 2533 1278 2568 adolescentia
1304 2532 1366 2567 de-

459 2586 622 2623 funffis,
639 2583 788 2627 Rogerio
813 2578 948 2624 scilicet
972 2599 985 2616 ‚
1010 2579 1041 2611 δε
1068 2576 1264 2620 Amphulso
1288 2600 1300 2617 ‚
1325 2579 1365 2612 in

461 2631 593 2676 quibus
619 2626 796 2662 veriffima
827 2633 980 2672 paternae
1013 2623 1162 2657 virtutis
1198 2623 1366 2657 reddeba-

460 2687 519 2713 tur
541 2673 675 2718 effigies
699 2670 876 2705 defunetis
901 2689 914 2707 ‚
950 2668 1176 2703 Gulielmum
1215 2665 1366 2713 suscepit

460 2723 611 2758 ducatus
636 2717 776 2763 Apuliae
800 2712 1023 2750 successorem
1040 2715 1048 2719 ”
1064 2736 1073 2747 .
1113 2716 1157 2748 Et
1181 2724 1241 2759 per
1267 2712 1363 2748 idem

461 2777 602 2811 tempus
635 2763 787 2799 Roberto
813 2764 862 2795 ita
877 2768 1071 2804 occupato,
1100 2758 1363 2796 Bohemundus‚

1375 2330 1409 2370 E

1421 1903 1522 1948 phim
1548 1899 1590 1935 ne
1609 1923 1621 1940 ,
1647 1914 1689 1935 an
1717 1912 1838 1937 taetera
1864 1914 1940 1946 quae
1965 1900 2028 1935 fibi
2055 1900 2162 1934 essent
2181 1896 2222 1929 de
2251 1899 2327 1941 Ap-

1422 1948 1518 1993 pulis
1545 1957 1733 1993 occuparet
1771 1961 1781 1981 z
1820 1951 1851 1982 δι
1878 1948 1994 1982 statim
2030 1945 2049 1979 ὲ
2074 1942 2134 1978 suo
2167 1941 2330 1976 vestiario

1426 2002 1618 2038 purpureas
1634 2015 1644 2030 ,
1672 2005 1741 2026 non
1759 1995 1900 2038 nigras,
1928 2000 1969 2025 ut
1993 1989 2142 2037 quidam
2166 1985 2330 2023 tradunt,

1423 2036 1545 2073 eduxit
1571 2037 1784 2084 Chiamydes
1809 2060 1821 2077 ‚
1860 2035 2046 2084 pluresque
2074 2034 2155 2069 inde
2181 2030 2332 2066 abscidit

1425 2091 1526 2117 notas
1550 2085 1754 2127 perexiguas
1779 2105 1792 2123 ‚
1827 2083 1961 2130 quibus
1984 2093 2066 2116 cum
2091 2087 2212 2122 praeter
2235 2075 2332 2110 dele·
2388 2091 2393 2102 ·

1424 2128 1484 2163 &ae
1507 2127 1711 2162 nobilitatis
1735 2131 1874 2176 equites
1897 2150 1909 2167 ‚
1947 2129 1979 2162 &
2006 2126 2141 2173 pedites
2162 2124 2331 2157 volunta-

1424 2175 1515 2212 5'1082
1534 2174 1755 2217 Itala-’gentis
1777 2173 1816 2207 ad
1831 2172 2020 2208 duodecim
2045 2171 2144 2206 mille
2168 2170 2331 2203 viricru-

1424 2228 1463 2251 ce
1489 2218 1637 2253 fuerunt
1663 2217 1707 2251 ab
1732 2231 1773 2253 eo
1810 2217 1972 2264 insigniti
2004 2242 2014 2252 .

1427 2265 1616 2308 Rogerium
1645 2264 1862 2299 Bohemundi
1881 2285 1891 2302 ‚
1917 2273 2025 2310 quam
2052 2265 2089 2297 in
2103 2261 2169 2295 hac
2192 2269 2228 2292 re
2243 2268 2330 2303 prae-

1426 2307 1541 2345 stitit,
1569 2310 1680 2342 animi
1713 2308 1945 2354 generositasz
1971 2312 2127 2353 dansque
2150 2302 2330 2338 commili-
2383 2317 2392 2330 ⁴

1428 2352 1587 2387 tionibus
1600 2351 1694 2392 suis,
1718 2355 1740 2389 li
1761 2355 1872 2389 “illum
1897 2356 1934 2388 in
1949 2355 2124 2388 Graeciam
2146 2349 2240 2394 sequi
2255 2346 2329 2380 vel*

1428 2400 1527 2437 lent,
1553 2397 1752 2434 libertatem
1778 2399 1956 2438 abeundi,
1983 2397 2159 2443 Melphim
2179 2390 2330 2444 obsidio-

1426 2456 1470 2479 ne
1496 2442 1601 2479 solvit
1617 2468 1626 2475 .
1653 2446 1858 2479 Declaravit
1880 2454 2043 2490 praeterea
2072 2442 2265 2485 Rogerius,
2289 2435 2330 2471 o-'
2386 2471 2390 2479 ,

1423 2491 1523 2525 mnia
1550 2489 1612 2524 sibi
1640 2499 1721 2524 cum
1748 2489 1855 2524 fratre
1880 2486 2110 2524 ssohemundo
2146 2485 2210 2520 effe
2228 2487 2332 2518 com-*³

1422 2536 1546 2570 munia
1562 2560 1570 2568 .
1595 2537 1633 2569 ln
1654 2534 1719 2569 lioc
1745 2535 1838 2569 bello
1868 2536 1982 2569 multa
1998 2556 2008 2572 ,
2035 2541 2140 2578 atque
2164 2530 2329 2575 pr'aeclara
2382 2538 2391 2559 τ

1421 2577 1520 2625 geffit
1546 2579 1819 2619 Bohemundus‚
1844 2579 1888 2614 ab
1901 2580 2070 2614 omnibus
2096 2576 2241 2622 quidem
2258 2575 2332 2610 hu·
2381 2583 2399 2622 5¹·

1421 2627 1475 2663 ius
1497 2625 1646 2660 historiae
1668 2625 1900 2670 scriptoribus
1929 2624 2105 2659 illustrata
2128 2644 2140 2661 ,
2168 2623 2198 2655 Sc
2240 2624 2327 2666 prae'-

1423 2670 1527 2716 cipue
1554 2682 1571 2703 a
1588 2669 1742 2704 Roberto
1768 2671 1973 2709 Monacho,
1998 2669 2184 2704 Gulielmo
2198 2667 2324 2709 Tyrio,

1423 2718 1453 2751 Sc
1478 2717 1558 2749 aliis
1595 2736 1606 2753 ‚
1642 2718 1704 2761 qui
1739 2714 1941 2750 universam
1968 2714 2057 2749 belli·
2075 2714 2180 2753 hujus
2204 2712 2328 2744 seriem

1422 2760 1536 2795 literis
1561 2760 1781 2795 illustrarunt
1820 2782 1831 2800 ‚
1869 2763 1900 2795 &
1930 2758 2116 2795 novissime
2153 2752 2327 2791 Ethru'sco

458 2816 523 2861 qui
545 2821 669 2856 parum
697 2817 770 2842 erat
798 2814 988 2842 contentus
1013 2801 1181 2838 conceffis
1215 2815 1234 2838 a
1258 2802 1363 2838 fratre
1421 2807 1577 2840 carmine
1606 2815 1624 2841 a
1655 2806 1806 2841 ‘sl-inimo
1832 2815 1931 2848 poeta
1954 2804 2066 2839 nostra
2098 2811 2201 2837 aetate
2227 2803 2329 2845 inge-

460 2856 701 2893 civitatibus,
728 2863 880 2898 quarum
908 2851 1067 2884 maxima
1090 2860 1166 2896 pars
1194 2847 1257 2883 sub
1272 2846 1404 2892 prin-F
1422 2849 1546 2889 ruofo,
1571 2853 1602 2885 &
1625 2852 1798 2892 locuplete
1825 2851 2010 2885 decantata
2038 2873 2048 2882 .

461 2907 585 2949 cipatu
618 2897 898 2934 continebrntur
928 2897 1129 2929 Tarentino
1167 2893 1211 2928 ab
1237 2891 1367 2929 Aufido

464 2949 598 2986 fluvio,
623 2944 729 2987 usque
757 2942 798 2976 ad
823 2942 1032 2988 japygiurn‚
1058 2942 1143 2975 hinc
1170 2952 1186 2973 a
1213 2944 1301 2974 mari
1316 2937 1370 2973 su·

463 3005 573 3041 pero,
602 2990 684 3026 inde
710 2986 726 3021 ἒι
752 2987 937 3033 Tyrrheno
962 2986 1068 3028 ulque
1093 2985 1133 3018 ad
1149 2985 1368 3030 'Zephyrium

462 3037 747 3086 promontorium
764 3055 775 3072 ,
802 3030 977 3077 Melphim
1003 3029 1099 3064 furto
1123 3028 1290 3076 surripere
1307 3040 1369 3064 au·

466 3091 522 3120 ius
549 3083 615 3116 est.
642 3078 749 3124 Qod
771 3090 852 3112 cum
883 3078 1073 3122 Rogerius‚
1101 3085 1138 3108 ut
1167 3084 1368 3120 pateretur,

462 3129 574 3164 nul-iis
599 3123 788 3159 eorundem
817 3132 1044 3168 paternorum
1071 3122 1257 3154 (omitum
1293 3119 1368 3154 sua-

434 3168 437 3172 ’
465 3171 622 3208 sionibus
643 3168 769 3203 adduci
795 3166 958 3214 potuisset
985 3186 996 3203 ⁷
1032 3165 1165 3199 bellum
1200 3168 1367 3211 utrinque

466 3221 597 3253 iterum
625 3216 739 3260 parari
766 3222 925 3258 creptum
948 3211 993 3244 est
1016 3233 1028 3250 ,
1056 3214 1086 3244 &
1113 3214 1229 3256 primo
1257 3213 1369 3256 Roge-

466 3265 566 3299 xiuS,
594 3262 677 3305 quia
700 3270 718 3291 a
744 3259 941 3292 Sarracenis
964 3266 1126 3300 magnam
1157 3256 1280 3290 siciliae
1292 3267 1373 3301 par-

464 3318 539 3342 tem
563 3303 822 3349 occupantibus
848 3301 910 3336 fibi
936 3324 948 3340 ‚
975 3306 1003 3335 (Sc
1030 3300 1197 3335 omnibus
1220 3299 1370 3335 ditionis

468 3352 559 3388 suae,
585 3353 614 3383 δι
638 3349 762 3382 Siciiiae
790 3346 963 3385 timebat,
989 3349 1122 3391 viginti
1153 3346 1270 3381 millia
1297 3345 1371 3380 bel-

463 3394 658 3432 licosorum
686 3393 875 3427 hominum
898 3391 1068 3436 stipendio
1094 3393 1266 3426 conduxit
1292 3410 1313 3431 ,7
1338 3393 1370 3427 &

470 3445 509 3477 in
535 3441 678 3475 ltaliam
700 3435 821 3473 secum
859 3436 1054 3475 traul‘uexic
1082 3459 1093 3476 2
1129 3437 1368 3487 arijune‘tilque

2075 2849 2192 2882 Duxit·
2218 2847 2328 2879 no'he-

1425 2895 1581 2932 mundus
1618 2896 1863 2931 Constantiam
1906 2896 2062 2941 Philippi
2111 2895 2328 2927 Francorum

1427 2944 1474 2977 Re
1503 2943 1530 2976 is
1549 2941 1664 2977 filiam
1703 2963 1714 2979 ,
1752 2953 1793 2975 tx
1818 2953 1886 2987 qua
1906 2939 2003 2985 'duos‘
2022 2937 2170 2983 suscepit
2206 2936 2326 2972 filios,

1427 2989 1475 3023 Bo
1503 2987 1724 3023 mundum,
1748 2987 1809 3031 qui
1837 2987 1929 3032 patri
1955 2984 2135 3021 successit,
2163 2993 2234 3016 uon
2251 2985 2328 3014 mo-

1424 3031 1470 3067 do
1505 3034 1544 3067 in
1584 3033 1784 3066 Tarentino
1819 3053 1830 3069 ‚
1869 3029 1921 3065 sed
1957 3032 1987 3064 δι
2021 3035 2058 3065 in
2103 3027 2333 3063 Antiocheno&

1425 3078 1630 3124 principatu
1655 3079 1719 3117 (in
1747 3076 1840 3109 bello
1861 3078 1958 3110 enim
1985 3077 2048 3110 illo
2063 3073 2236 3109 Orientali
2255 3073 2330 3104 An·-

1425 3123 1564 3158 tiochiae
1590 3122 1754 3166 Princeps
1778 3122 1819 3154 ab
1841 3121 2011 3154 omnibus
2034 3119 2102 3154 fuit
2129 3118 2329 3153 ssohemun-

1425 3166 1491 3200 dus
1515 3167 1670 3204 ele-Slus,
1696 3169 1726 3199 &
1754 3169 1789 3200 in
1818 3170 1888 3206 ejus
1917 3166 2114 3206 pofl'effione
2140 3161 2332 3197 confirma·

1428 3215 1515 3252 tus)
1540 3214 1572 3246 δι
1586 3210 1699 3246 filiam
1717 3233 1727 3249 ‚
1753 3212 1853 3252 cujus
1871 3223 1999 3245 nomen
2017 3223 2087 3244 non
2103 3210 2171 3252 legi
2187 3229 2197 3245 ,
2220 3217 2329 3252 quam

1428 3256 1636 3291 Constantia
1662 3267 1805 3291 mortuo
1830 3259 1932 3295 viro,
1961 3256 2169 3301 Raymundo
2191 3252 2332 3286 Guliel-

1426 3303 1478 3337 mi
1503 3300 1603 3336 ducis
1628 3301 1773 3336 Austriae
1787 3301 1863 3335 filio
1881 3303 2113 3336 matrimonio
2126 3298 2328 3338 conjunxit.

1429 3348 1587 3382 Moritur
1613 3348 1817 3381 Antiochiae
1844 3345 2096 3381 Bohemundus
2122 3355 2215 3377 auno
2233 3342 2330 3376 1106.

1427 3391 1489 3427 Sed
1513 3390 1593 3427 sunt
1625 3393 1686 3437 qui
1725 3389 1888 3425 scribunt
1914 3393 1952 3425 in
1975 3391 2123 3439 japygia
2148 3409 2160 3428 ,
2198 3390 2229 3422 &
2265 3388 2334 3420 Ca-

1424 3436 1518 3477 nufii
1544 3435 1646 3474 suum
1679 3436 1802 3472 obiille
1827 3435 1923 3472 diem
1962 3448 1973 3471 z
2010 3437 2153 3471 videtur
2189 3431 2334 3481 quidem

2232 3481 2298 3512 La-

2050 2217 2170 2251 Movit
2209 2219 2329 2246 autern
2385 2237 2390 2247 .
