2404 3882
133 183 212 224 -125’
268 171 359 213 DE
394 161 1071 225 ANTIQUITATEAET
1103 164 1279 207 SITU
1309 163 1725 215 CALABRIAE.
1787 177 1868 216 126

71 271 90 308 ὲ
115 272 171 306 suo
195 269 339 304 nomine
364 266 556 311 Aschenaz,
580 262 719 307 ejusque
746 263 879 298 incolas
903 261 1003 308 :ap-A

69 317 216 364 pellavit
240 314 459 357 Aschennzeos
473 335 481 343 .
505 307 671 356 Josephus
681 310 775 342 enim
793 331 804 348 ,
821 310 882 356 qui
897 309 963 341 Ti·

67 373 105 399 to
128 365 326 406 imperante
351 357 473 394 floruit
500 378 511 394 ‚
533 355 759 401 judaicarum
786 355 959 399 Antiqui-

65 417 183 444 tatum
212 404 303 439 libro
329 406 443 452 primo
467 403 516 435 ita
543 398 686 434 scribit:
714 398 879 442 Aschenaz
900 400 959 432 in-

56 453 178 499 stituit
202 449 421 495 Aschenazeos
443 468 454 484 ,
488 448 548 487 qui
574 456 662 478 nunc
688 444 820 487 ,Rhegini
839 454 962 479 vocan-

63 507 126 533 tur
150 499 167 529 ὰ
191 498 346 530 Graecis.
374 498 419 529 Et
446 494 686 536 Hieronymus
711 492 750 524 in
764 489 963 535 quaestioni-

61 542 129 580 bus
153 541 340 576 Hebraicis
367 538 465 584 super
490 534 655 573 Genelim
683 533 962 580 inquiteAfche-

62 599 127 622 nas
151 588 263 621 Graeci
283 585 438 631 Rheginos
455 590 579 617 vocant
595 606 604 615 .
621 583 750 628 Liquet
774 578 853 613 sane
877 577 962 613 nds-

58 643 174 680 quam
202 625 359 666 locorum
395 629 626 676 gentiumque
661 626 844 674 Rheginos,
875 625 961 659 alios

64 678 222 714 inveniri
248 699 260 716 ,
287 689 398 720 neque
423 672 442 707 a
466 683 643 719 quoquam
669 669 805 704 auuore
827 670 960 708 scribi,

62 722 173 770 quam
207 725 268 767 qui
295 725 332 757 in
360 719 524 755 Calabria
558 714 640 751 sunt
664 741 672 749 .
712 717 812 749 Hanc
835 715 959 750 urbem

60 768 283 816 Postmodum
309 767 422 802 Graeci
437 763 588 807 Rhegium
611 761 729 795 dixere
746 782 757 798 ‚
773 770 833 795 aut
858 760 875 795 ὲ
902 759 995 807 fis‘B
1018 768 1171 805 cupante
1197 771 1206 792 ε

57 816 137 852 sura
164 835 175 851 9
201 823 241 848 ut
265 813 412 859 quidam
434 808 560 843 volunt
588 831 597 839 .
629 806 725 847 (p‘nysi
746 809 842 840 enirn
868 805 961 841 fistu-

57 871 135 897 5am
158 858 284 902 sonat)
309 854 401 900 quod
428 856 466 888 in
494 864 531 885 ea
550 860 644 898 parte
670 852 791 886 ,sicilia
818 852 861 886 ab
887 855 961 885 lta-

58 907 108 942 lia
133 902 380 944 disjunSkasit3
409 909 516 946 quam
527 897 728 932 Antiochus
746 899 958 943 Neptunium

60 948 280 996 appellavit,
308 945 398 994 quod
428 947 617 988 Neptunus
644 954 683 976 ea
707 943 780 975 loca
805 942 957 977 direme-

61 998 111 1031 rit
141 1020 150 1028 .
176 997 248 1028 Aue
275 1016 286 1032 ‚
322 989 414 1035 quod
439 986 656 1032 gcredibilius
682 987 726 1021 est
749 1008 760 1024 ‚
795 987 838 1022 ab
865 989 953 1021 aeris

59 1040 162 1076 beata
186 1041 217 1072 δι
238 1040 316 1084 juge
342 1035 534 1082 temperie:
561 1044 644 1066 nam
667 1035 761 1073 ρίίγιοα
789 1034 880 1068 utile
901 1032 956 1072 iu·-

58 1083 217 1120 cundum
241 1087 272 1119 Sc
297 1083 431 1117 bonum
458 1086 584 1116 notat,
607 1077 780 1112 Hebraice
809 1088 953 1115 autem,

55 1139 100 1164 ut
125 1132 352 1176 Hieronymus
387 1124 516 1163 tradit,
544 1121 667 1158 Pascua
693 1134 815 1158 eorum
841 1121 953 1168 signia

52 1173 137 1209 ficat
173 1198 182 1207 .
220 1174 304 1208 Inde
329 1172 474 1206 Cethim
501 1168 668 1214 patruelis
705 1167 884 1203 Aschenaz
911 1168 950 1201 in

50 1220 199 1254 Italiam
222 1221 252 1253 &
276 1216 345 1265 ipse
373 1215 546 1263 profe-§tus
587 1215 733 1258 Latium
769 1214 922 1248 incoluit
938 1234 949 1250 ,

1020 270 1109 295 nunc
1135 257 1290 294 Siculum
1314 262 1516 296 vocitatur.
1542 265 1587 296 Et
1613 266 1749 298 Plinius
1762 269 1919 305 orienta-'

1020 307 1089 342 lem
1114 303 1286 340 Calabriae
1311 305 1449 350 plagam
1490 305 1679 341 Ausoniam
1714 308 1845 346 diffirm
1871 314 1918 349 ab

1019 350 1219 388 Ausonibus
1255 351 1412 396 primum
1449 351 1647 385 hibitatam
1685 354 1794 389 tradit
1817 382 1826 390 .
1866 362 1913 395 Et

1019 397 1230 446 Lycophrpn
1254 399 1291 430 in
1319 395 1519 431 Alexandra
1539 396 1765 434 Philot-“oetem
1802 401 1824 435 b
1843 409 1917 439 Au.

1005 441 1170 478 *xonibus
1201 443 1338 476 circum
1364 443 1559 476 Crotonem
1583 440 1833 481 habitantibus
1862 451 1917 483 in.

1018 486 1202 523 terfeSkum
1240 485 1338 521 fuisse
1375 485 1498 532 scribit
1526 511 1536 520 .
1571 488 1689 530 Qare
1729 500 1916 539 utramque

1019 531 1191 567 Calabriae
1225 543 1322 566 oram
1350 533 1546 566 Ausoniam
1573 533 1702 568 digram
1731 533 1828 570 fuisse
1854 551 1917 583 pa-

1018 579 1090 612 lam
1115 577 1159 611 est
1177 601 1185 610 .
1203 579 1284 611 Fuit
1299 579 1330 611 δι
1355 579 1565 623 quingentis
1591 576 1768 622 fixiginta
1783 579 1915 627 septem

1018 624 1120 658 annis
1146 632 1227 656 ante
1252 623 1312 656 nii
1349 622 1528 658 excidium
1567 626 1725 657 Oenotria
1752 624 1844 660 dista
1873 629 1916 662 ab

1018 671 1177 703 Oenotro
1205 668 1341 703 Arcade
1380 671 1417 703 in
1455 680 1535 702 eum
1563 668 1674 703 finum
1705 675 1916 708 Auxonium

1018 715 1257 752 adventante,
1284 712 1509 760 regionisque
1531 714 1715 750 occiduam
1745 729 1842 752 oram
1855 729 1914 752 oc-

1272 761 1308 793 ui
1332 762 1362 793 &
1387 759 1463 793 illic
1492 760 1622 806 oppida
1649 762 1917 807 quamplurima

1019 803 1182 839 condidit
1197 829 1206 838 .
1233 808 1374 853 Horu-m
1396 806 1619 850 quorundam
1635 809 1807 842 memoria
1824 807 1916 854 apud

1018 849 1234 894 Stephanum
1258 858 1355 884 extat
1381 871 1393 888 ‚
1434 847 1450 882 a
1475 861 1545 895 quo
1581 853 1651 887 haec
1677 850 1879 888 scribuntur
1905 879 1916 890 .

1017 895 1172 931 Arintha
1190 916 1201 932 ‚
1227 895 1401 929 Ariant'lia
1424 916 1436 932 ‚
1478 895 1757 937 Arthemifium,
1783 899 1917 944 Brysta-

1016 944 1065 976 tia
1094 961 1106 978 ‚
1131 938 1228 974 Coffa
1252 962 1263 978 ,
1298 941 1484 985 Cyterium
1511 963 1522 979 ,
1555 943 1719 977 Erimum
1747 965 1759 982 ,
1784 945 1876 977 Ixias
1900 967 1913 983 ‚

1012 985 1173 1021 Lametia
1198 1006 1210 1023 ,
1236 986 1426 1018 Menecina
1452 1007 1463 1024 ,
1500 987 1724 1026 Malanium,
1752 991 1910 1028 Ninoea‚

1012 1032 1335 1076 Patycos,Setaeum
1351 1052 1361 1068 ‚
1377 1028 1541 1065 Siberena
1555 1054 1566 1070 ‚
1591 1031 1736 1067 Sestium
1752 1056 1762 1072 ,
1779 1034 1914 1072 Thvel-

1010 1077 1074 1110 la:
1102 1077 1191 1110 Item
1217 1073 1380 1110 Pandosia
1402 1097 1413 1114 ,
1451 1087 1559 1119 quam
1591 1073 1912 1113 Oenotrorum're-

1009 1123 1105 1166 giam
1129 1118 1228 1155 fuiffe
1253 1120 1377 1155 Strabo
1401 1121 1519 1167 prodit
1541 1147 1550 1155 .
1572 1121 1657 1156 Inde
1682 1123 1912 1170 Oenotriipfi

1008 1174 1168 1212 potentes
1190 1164 1273 1200 faeti
1299 1166 1368 1201 alia
1397 1166 1506 1202 Italiae
1549 1167 1623 1201 loca
1663 1179 1882 1214 occuparunt
1900 1194 1911 1204 .

1011 1216 1038 1247 E
1060 1213 1203 1255 regione
1227 1224 1311 1247 vero
1336 1213 1514 1249 Oenotriae
1540 1211 1632 1247 diSta
1659 1213 1703 1247 est
1730 1216 1912 1249 Peucentia

53 1265 250 1310 urbemque
277 1267 314 1298 in
340 1276 379 1297 eo
401 1261 593 1296 construxit
618 1279 629 1296 ²
666 1270 774 1305 quam
801 1258 991 1310 CethiamC
1009 1254 1027 1288 ὲ
1047 1259 1235 1292 Peucentio
1257 1260 1408 1294 Oenotri
1431 1256 1638 1304 fratre2qui
1667 1270 1744 1294 eam
1769 1269 1910 1305 partem

51 1312 298 1352 nuncupavit„
326 1305 489 1342 Calabria
512 1315 631 1339 autem
655 1306 780 1338 multis
806 1303 875 1338 fuit
889 1315 950 1350 ap-

50 1355 180 1401 pellata
206 1352 442 1390 nominibus:
469 1362 553 1385 nam
577 1352 694 1394 primo
719 1348 811 1384 diosta
835 1350 880 1384 est
903 1348 949 1391 ab

51 1399 180 1433 incolis
204 1402 361 1438 Graecis,
389 1394 668 1431 autafinitimis
691 1396 878 1433 Ami-onia,
905 1393 948 1428 ab

49 1455 139 1480 auxo
165 1445 274 1480 verbo
285 1448 439 1493 Graeco,-
457 1441 492 1475 id
504 1440 571 1478 est,
598 1451 730 1486 augeo,
751 1440 845 1484 quod
859 1440 947 1474 sem·

46 1500 108 1535 per
134 1489 185 1524 ibi
207 1503 325 1525 rerum
349 1494 542 1536 proventus
567 1496 762 1529 augeatur3
786 1485 878 1520 dista
901 1485 947 1519 est

47 1537 80 1569 &
106 1544 181 1571 tum
195 1536 238 1572 ab
247 1532 493 1573 Orientalibus
507 1533 638 1579 Graecis
653 1531 811 1581 Hesperia
825 1553 836 1571 ‚
852 1529 947 1578 quod

47 1578 213 1626 hespero,
237 1582 274 1616 id
300 1581 344 1615 est
368 1603 380 1619 ,
406 1577 543 1613 occasui
569 1575 717 1617 iubjefta
743 1577 784 1615 fit
809 1602 820 1613 .
859 1576 946 1612 Inde

46 1623 138 1659 diffiia
162 1627 206 1662 est
231 1628 387 1661 Oenotria
420 1623 464 1658 ab
501 1624 660 1656 Oenotro
687 1624 822 1659 Arcade
846 1645 858 1663 ,
881 1633 946 1668 po-

45 1670 112 1705 stea
134 1675 236 1710 Italia
262 1672 306 1707 ab
328 1672 417 1705 Italo
442 1671 599 1703 Oenotro
621 1678 746 1712 genere
771 1671 810 1703 in
838 1669 942 1703 Cala-

45 1715 125 1750 bria
150 1728 234 1753 nato
259 1730 298 1752 ac
323 1723 492 1762 regnante
518 1737 528 1749 .
566 1712 685 1756 Qare
709 1715 937 1750 hallucinan-

1010 1303 1059 1337 sui
1081 1303 1170 1344 juris
1195 1314 1280 1338 cum
1307 1301 1467 1343 fecisset,
1494 1305 1720 1339 Peucentiam
1747 1308 1912 1339 nomina-

1008 1351 1063 1384 vit
1089 1372 1100 1382 .
1136 1349 1220 1391 Quo
1243 1350 1318 1383 vita
1345 1347 1468 1384 funem
1497 1350 1674 1383 Oenotrus
1699 1351 1909 1386 orientalem

1033 1404 1146 1440 uoque
1171 1395 1341 1430 Calabriae
1365 1404 1502 1443 partem
1523 1393 1669 1441 poffedit
1691 1417 1702 1434 ,
1729 1406 1804 1443 quae
1830 1397 1906 1436 jure

1006 1407 1071 1478 {bi
1100 1439 1197 1474 ceffit
1219 1462 1231 1479 ,
1265 1451 1374 1485 quam
1399 1443 1507 1475 etiam
1534 1445 1757 1489 nuncupavit
1792 1444 1910 1476 Oeno-

1008 1488 1115 1524 triam
1141 1509 1153 1525 ,
1189 1485 1357 1532 urbesque
1383 1489 1420 1520 in
1447 1499 1484 1520 ea
1512 1497 1651 1533 quoque
1676 1496 1774 1532 parte
1799 1486 1910 1522 aedifi-

1007 1534 1103 1570 cavit
1133 1556 1141 1565 .
1172 1531 1285 1568 Postea
1312 1543 1392 1568 vero
1417 1532 1506 1567 haud
1536 1532 1653 1565 multo
1680 1542 1761 1567 ante
1788 1534 1907 1567 ruinas

1005 1577 1116 1618 Trojae
1141 1587 1313 1622 regnante
1334 1580 1368 1612 iri
1390 1580 1483 1612 Latii
1506 1585 1602 1623 parte
1623 1577 1774 1622 quadam
1794 1581 1910 1612 Evan-

1002 1624 1091 1661 dro,
1114 1633 1154 1657 ut
1181 1623 1369 1669 Dionysius
1408 1623 1568 1658 Halicar.
1602 1622 1692 1656 libro
1717 1625 1833 1668 primo
1846 1635 1910 1657 au-

1002 1672 1076 1706 &tor
1102 1671 1146 1705 est
1173 1691 1184 1708 ,
1211 1670 1381 1703 Hercules
1407 1668 1543 1703 classem
1571 1669 1608 1700 in
1637 1669 1778 1702 ltaliam
1802 1668 1907 1702 adve-

1000 1718 1077 1756 xit,
1108 1728 1146 1750 ac
1171 1713 1376 1750 Calabriam
1402 1724 1522 1760 petens
1539 1711 1663 1757 [ppida
1689 1713 1906 1760 quaedamil,

46 1770 124 1800 tur,
153 1766 213 1807 qui
240 1762 434 1798 Ausoniam
474 1759 517 1793 ab
555 1757 695 1793 Ausone
722 1761 804 1799 Itali
830 1783 842 1800 ,
869 1756 1044 1823 five—Dlic
1057 1764 1242 1798 extruxit,
1262 1771 1300 1792 ac
1324 1761 1395 1794 loca
1424 1756 1609 1805 quaedama
1634 1756 1663 1792 se
1679 1762 1903 1800 nominavit,

41 1807 164 1843 Uliffis
187 1808 264 1845 filio
288 1808 416 1841 dii-iam
452 1804 550 1839 fuiffe
575 1806 769 1849 opinantur
795 1832 805 1840 .
843 1810 937 1841 Nam

42 1853 240 1894 Homerus,
256 1857 411 1898 itemque
425 1851 545 1886 Strabo
569 1851 726 1895 ulyffem
752 1852 794 1887 ad
808 1855 937 1887 Teme-

40 1895 111 1933 sam
137 1901 307 1934 Calabriae
331 1898 455 1932 urbem
469 1915 489 1935 2-
507 1907 614 1941 quam
640 1908 702 1931 nec
728 1911 801 1934 non
825 1901 856 1933 δε
880 1902 937 1935 Βε-

31 1941 145 1987 sciam
167 1967 179 1988 ,
206 1955 327 1992 priter
353 1944 438 1978 alias
465 1941 565 1981 urbes
589 1962 601 1984 7
633 1940 788 1981 Ausones
812 1944 938 1980 condi„

37 1989 119 2025 difl'e
154 1993 330 2027 memoriae
362 1989 545 2036 proditum
580 1987 655 2024 est}
693 1991 823 2026 veniffe
848 1989 935 2025 scri-

38 2033 152 2071 bunt.
180 2037 216 2071 Id
243 2035 335 2083 quod
360 2042 609 2080 argumentum
626 2034 694 2073 est,
720 2046 801 2071 ante
827 2036 935 2076 Ulys-

37 2081 108 2116 sem
133 2082 334 2117 Calabriam
365 2083 559 2116 vocitatam
598 2078 695 2114 fuisse
720 2077 932 2126 Ausonim'nz

36 2126 129 2171 quod
156 2127 269 2176 ipsum
293 2139 335 2161 ex
359 2124 527 2171 Dionysio
562 2128 672 2161 etiarn
709 2128 935 2164 Halicarnas-

35 2173 90 2208 seo
116 2174 246 2208 constat
271 2198 279 2206 .
307 2173 409 2207 DiSta
435 2172 481 2206 est
507 2181 627 2206 autem
653 2173 813 2208 Anxania
839 2196 851 2212 ,
890 2185 931 2213 ut

36 2219 305 2264 Etymologicus
331 2217 398 2253 fert
425 2239 436 2256 ‚
461 2217 553 2263 quod
579 2218 652 2258 ejus
674 2217 826 2254 finitimi
851 2233 929 2256 eam

993 1808 1027 1843 id
1051 1808 1094 1841 est
1115 1814 1388 1853 promontorium
1417 1808 1648 1842 Herculeum,
1670 1813 1792 1850 portur
1816 1806 1904 1840 Her..

993 1853 1105 1892 culis,
1132 1862 1191 1887 aut
1212 1851 1254 1886 ab
1279 1864 1318 1885 eo
1344 1852 1454 1888 faftus
1481 1874 1493 1893 ι,
1530 1859 1590 1885 aut
1620 1849 1742 1885 crebro
1767 1853 1903 1895 repeti-.-

994 1910 1049 1935 tus
1066 1924 1075 1933 .
1104 1899 1268 1933 Herculis
1293 1908 1412 1933 autem
1438 1907 1536 1932 aetate
1564 1918 1576 1935 ,
1604 1905 1666 1929 aut
1691 1896 1795 1943 paulo
1820 1906 1903 1932 ante

991 1944 1156 1980 Calabria
1182 1943 1273 1978 dffiia
1300 1944 1342 1978 est
1361 1944 1462 1978 Italia
1477 1942 1520 1979 ab
1534 1942 1624 1977 Italo
1649 1944 1817 1988 quopiam
1835 1944 1905 1977 Oe-

993 2001 1098 2027 notro
1123 2001 1247 2034 genere
1274 1991 1375 2031 hujus
1404 1990 1556 2034 regionis
1582 1998 1659 2032 rege
1681 2009 1693 2026 ‚
1724 1987 1789 2022 [ive
1820 2010 1830 2026 ,
1858 1998 1900 2023 ut

993 2039 1082 2076 alii,
1108 2034 1126 2070 ὲ
1153 2035 1289 2070 bobus.
1314 2038 1403 2070 Dein
1417 2034 1508 2069 diua
1533 2033 1577 2070 est
1590 2031 1898 2078 MorgetiaaMor·

993 2092 1070 2129 gete
1098 2082 1179 2117 Itali
1207 2080 1307 2116 filio.
1333 2079 1472 2119 Exinde
1499 2091 1577 2127 pars
1601 2080 1672 2120 ejus
1697 2088 1806 2126 quota
1833 2082 1903 2113 cir=

990 2140 1030 2163 ca
1057 2128 1236 2173 Rhegium
1261 2126 1380 2161 Sicilia
1414 2133 1620 2171 nuncupata
1655 2126 1700 2160 est
1731 2150 1740 2159 .
1783 2127 1903 2168 Quota

988 2187 1071 2210 vero
1097 2185 1173 2218 pars
1199 2176 1338 2206 circum
1369 2173 1533 2206 Peteliam
1561 2172 1591 2204 Sc
1617 2171 1813 2206 Crotonem
1840 2182 1901 2214 ap-

987 2221 1115 2267 pellata
1143 2218 1186 2252 est
1210 2217 1354 2256 Chonia,
1380 2220 1410 2251 Sc
1434 2216 1598 2263 japygia2
1627 2219 1657 2250 &
1685 2216 1896 2257 Salentinia,

35 2265 262 2308 appellallent
286 2264 488 2301 Auxenam,
513 2264 543 2296 ἃ.
568 2267 767 2298 mutatione
791 2277 815 2301 x
842 2269 879 2301 in
893 2266 969 2331 s‚E
987 2263 1079 2311 quod
1104 2263 1282 2298 ostendam
1300 2288 1308 2298 .
1338 2257 1558 2298 Postmodum
1585 2264 1698 2297 Graeci
1727 2260 1746 2294 ’ἒι
1772 2273 1893 2298 rerum

986 2323 1001 2346 c

35 2312 66 2343 δι
93 2321 108 2342 e
131 2311 167 2343 iu
195 2322 210 2343 o
234 2310 404 2353 Ausonum
427 2334 437 2343 ,
474 2310 575 2342 Fuere
603 2308 747 2354 quidem
775 2311 928 2347 Ausones

33 2354 223 2392 admodum
262 2362 422 2402 potentes
458 2375 469 2393 ‚
495 2352 535 2386 de
571 2354 700 2401 quibus
739 2358 928 2403 Dionysius

32 2401 150 2446 Aplier
178 2400 218 2436 de
243 2413 281 2435 ea
308 2400 450 2445 regione
477 2421 489 2438 ‚
525 2411 602 2445 quae
639 2412 735 2435 nunc
763 2403 927 2441 Calabria

30 2450 76 2483 est
92 2468 102 2485 ‚
129 2448 300 2489 loquens,
327 2446 368 2482 ad
395 2443 544 2485 verbum
569 2447 738 2484 translata
753 2447 927 2489 sententia

28 2492 76 2529 fic
103 2495 152 2532 ait
167 2506 178 2536 ζ.

28 2633 122 2671 Hinc
143 2630 310 2666 Italorum
327 2631 398 2676 filii
423 2635 460 2666 in
485 2633 677 2669 continenti
686 2632 902 2678 pascuntur,

25 2677 166 2724 AbJove
174 2678 451 2725 Aufimiisemper
478 2686 668 2723 magnopere
683 2679 898 2713 dominantes
914 2686 971 2730 ,F

947 2733 953 2737 ⁴
982 2721 1049 2756 bus
1070 2730 1188 2758 vetera
1213 2741 1227 2759 ,
1262 2728 1322 2752 aut
1349 2726 1390 2753 ut
1425 2715 1486 2750 usu
1525 2717 1721 2753 identidem
1751 2717 1893 2750 evenire

24 2727 221 2772 Incipientes
245 2727 264 2761 ἁ
292 2728 391 2759 Borea
413 2724 516 2773 usque
538 2727 780 2763 Leucopetram
799 2749 811 2759 .

23 2772 102 2817 Qae
128 2775 165 2806 in
181 2769 278 2813 freto
304 2772 411 2810 Siculo
437 2770 599 2811 radicata
621 2769 685 2815 cst.

117 2908 258 2953 Qibus
285 2908 384 2959 super
411 2910 528 2945 verbis
558 2905 763 2943 Eustathius
789 2906 839 2943 ait
864 2921 874 2944 ι
899 2911 928 2945 lq

25 2954 114 2988 talos
138 2956 311 3000 quondam
329 2956 529 3001 monarchas
552 2964 745 2999 magnopere
770 2953 926 2988 domina-

23 2999 189 3048 torfmſje
212 3002 386 3048 Dionysius
414 3003 494 3040 ait,
525 3011 606 3049 quos
628 3000 672 3035 &-
696 2999 843 3043 Ausones
866 3011 924 3047 ap-⁴

14 3046 147 3093 pellat,
172 3046 296 3088 eosdem
320 3050 409 3085 enim
435 3046 478 3083 &-
500 3046 646 3090 Aufimes
669 3044 712 3082 ὠ·
741 3046 844 3079 Ital&
862 3057 920 3090 ap-

16 3089 148 3135 pellat.
174 3093 271 3125 Hinc
296 3091 464 3135 Aufhnius
485 3096 611 3126 Pontus
626 3113 637 3129 ,
665 3093 715 3126 ait
738 3091 833 3127 idem
851 3094 921 3126 Eu-

20 3133 185 3173 statinus,
202 3140 231 3169 Sc
257 3137 402 3175 suidas,
427 3149 523 3172 mare
547 3159 558 3177 ‚
589 3138 684 3185 quod
708 3138 921 3172 orientalem

16 3179 189 3214 Calabriae
214 3193 311 3216 oram
338 3183 441 3216 alluit
465 3205 476 3226 ,
502 3183 594 3228 quod
620 3184 651 3216 Sc
677 3184 837 3217 Siculum
859 3194 920 3228 ap-

17 3225 170 3272 pellatur
187 3250 194 3258 .
220 3230 265 3261 Et
289 3225 408 3261 rursus
430 3227 471 3262 de
501 3231 622 3262 Locris
651 3228 797 3273 loquens
810 3227 917 3266 dicit,

17 3272 107 3321 ipsos
134 3275 337 3307 Auxoniam
363 3281 479 3307 tenere
507 3293 518 3310 ‚
543 3285 610 3319 qua
642 3275 752 3306 currit
780 3272 913 3310 flumen

17 3316 159 3349 Halecis
183 3341 191 3350 .
220 3321 263 3351 Et
291 3317 478 3364 Dionysius
505 3320 655 3351 Halicar
682 3342 691 3349 .
717 3317 912 3352 Occiduam

15 3359 184 3395 calabriae
201 3375 304 3398 ,oram
333 3362 525 3398 Ausoniam
551 3362 679 3396 dietam
712 3361 853 3396 l‘tribit.
882 3367 915 3397 1-.

0 3400 87 3439 &tem
115 3407 236 3443 strabo
262 3409 357 3446 libro
383 3411 488 3450 tertio
527 3411 578 3445 ait
602 3408 790 3453 adusto-rimu
815 3419 910 3448 more

1008 2313 1088 2355 opia
1113 2321 1151 2342 ac
1165 2309 1326 2343 bonitate
1349 2320 1426 2345 eam
1452 2309 1675 2353 appellarunt
1699 2306 1895 2342 Calabriam

986 2365 1026 2390 ut
1052 2354 1157 2401 prisci
1188 2355 1370 2387 Auxenmn
1388 2375 1399 2392 ,
1424 2355 1507 2388 inde
1536 2364 1698 2399 magnam
1721 2354 1896 2387 Graeciam

984 2400 1002 2436 a
1029 2402 1166 2445 magnis
1192 2399 1339 2433 urbibus
1366 2424 1375 2433 .
1415 2399 1586 2439 Postremo
1627 2410 1705 2445 pars
1737 2397 1897 2445 quaedam

989 2450 1128 2483 circum
1154 2445 1312 2492 bybarim
1340 2446 1493 2482 Lucania
1515 2443 1608 2480 dreia
1633 2444 1677 2482 est
1698 2466 1710 2484 ,
1736 2446 1896 2478 Lucanis

990 2504 1067 2528 eam
1094 2500 1230 2538 partem
1253 2489 1513 2535 occupantibus
1538 2515 1547 2524 .
1597 2493 1716 2536 Atque
1747 2491 1797 2523 ita
1820 2490 1894 2524 haec

987 2541 1084 2585 regio
1105 2535 1150 2570 ob
1175 2535 1372 2582 frequentes
1387 2536 1592 2570 Graecorum
1619 2535 1811 2571 colonias,
1829 2536 1894 2580 qui

987 2585 1057 2619 loci
1080 2584 1286 2621 amoenitate
1311 2603 1322 2619 ‚
1345 2592 1384 2615 ac
1411 2592 1528 2615 rerum
1552 2580 1715 2615 ubertate
1739 2591 1778 2613 ac
1808 2591 1891 2621 prae-

989 2631 1117 2668 stantia
1143 2628 1258 2669 anesii
1287 2625 1328 2661 eb
1352 2625 1606 2667 confluebant,
1634 2636 1686 2661 tot
1713 2626 1757 2660 est
1773 2625 1893 2671 appel-

988 2676 1056 2710 lata
1082 2672 1314 2711 nomInibus.
1338 2675 1450 2708 Novis
1475 2680 1594 2707 tamen
1610 2672 1895 2716 supervenienti-

980 2766 1094 2806 solet,
1119 2762 1350 2804 desinebant,
1380 2771 1441 2799 aut
1469 2763 1576 2799 aliam
1602 2767 1638 2797 in
1667 2774 1764 2797 oram
1790 2771 1889 2795 tran-

981 2812 1095 2848 sibant
1120 2809 1294 2845 manaban
1303 2820 1386 2856 tque
1402 2835 1410 2843 .
1426 2810 1477 2852 Ut
1497 2808 1652 2844 Ausonia
1667 2830 1678 2847 ‚
1702 2808 1889 2844 Oenotria,

981 2861 1013 2894 δε
1029 2858 1130 2892 Italia
1146 2859 1277 2892 ineam
1301 2856 1562 2900 figuram‚qu:e
1589 2864 1686 2888 nunc
1707 2854 1812 2886 Italia
1825 2851 1885 2890 est,

982 2902 1101 2938 Sicilia
1118 2904 1156 2937 in
1175 2903 1397 2936 Trinacriam
1410 2898 1739 2934 insulamcalabria
1759 2901 1794 2931 in
1812 2908 1891 2932 eam

981 2947 1159 2988 modicam
1183 2958 1280 2980 oram
1296 2969 1307 2986 ,
1335 2958 1409 2994 quae
1436 2947 1541 2980 modo
1565 2944 1701 2995 Apuliae
1728 2954 1805 2989 pars
1818 2942 1862 2976 est
1878 2968 1887 2976 .

980 2997 1073 3029 Nam
1099 3004 1182 3028 cum
1206 3003 1334 3037 magna
1351 2994 1485 3035 Graecia
1509 2990 1579 3024 dici
1606 2990 1649 3023 est
1674 2998 1789 3035 coepta
1807 2986 1890 3026 ,de-

979 3038 1038 3075 tiit
1063 3037 1244 3074 interdum
1272 3039 1388 3074 vocari
1414 3035 1578 3071 Calabria
1595 3060 1603 3068 .
1631 3035 1729 3069 Diffi
1746 3045 1886 3079 quoque

976 3083 1053 3120 fuit'
1091 3096 1168 3131 pars
1202 3082 1273 3123 ejus
1302 3090 1409 3130 quota
1446 3081 1678 3116 occidentalis
1703 3082 1831 3112 Erectio
1869 3077 1888 3113 a

980 3134 1115 3166 Brettia
1141 3128 1288 3164 muliere
1307 3150 1317 3167 ‚
1343 3133 1410 3161 live
1432 3136 1471 3161 ut
1499 3127 1593 3167 alii,
1617 3125 1635 3159 a
1655 3129 1782 3159 ssrerito
1809 3124 1885 3167 tilio

978 3177 1154 3212 Herculis.
1170 3172 1233 3213 Sed,
1246 3172 1389 3211 tandem
1399 3174 1511 3217 postea
1525 3184 1632 3219 quam
1648 3182 1773 3215 magua
1786 3172 1890 3203 Grae-

976 3225 1030 3259 cia
1057 3221 1157 3255 desiit
1177 3218 1346 3264 appellari
1374 3240 1385 3256 ‚
1416 3217 1602 3257 Calabria,
1628 3219 1720 3262 quod
1751 3227 1888 3250 nomen

974 3269 1108 3312 regioni
1143 3262 1315 3311 praecipue
1342 3267 1534 3302 convenit,
1560 3263 1675 3298 rursus
1701 3261 1878 3305 appellata

971 3315 1013 3347 est
1031 3338 1038 3345 .
1065 3312 1150 3355 Qnss’
1179 3310 1307 3350 semper
1334 3308 1351 3342 :¹1
1374 3310 1476 3344 claris
1501 3312 1651 3344 Graeciae.
1672 3309 1812 3353 populis
1846 3316 1884 3338 ac

971 3359 1193 3403 principibus
1221 3357 1250 3388 δέ
1278 3365 1358 3389 ante
1385 3357 1415 3389 Sc
1441 3356 1511 3402 post
1551 3353 1763 3389 everiionem
1789 3352 1881 3383 Tro·

969 3405 1033 3446 jx,
1062 3401 1128 3437 fuit
1157 3400 1354 3445 inhabitata
1380 3422 1392 3442 ,
1419 3413 1622 3449 magnaeque
1649 3401 1686 3433 in
1710 3408 1748 3430 ea
1774 3396 1878 3429 urbes

1797 3440 1839 3479 ab
