2404 3882
139 140 211 203 ‘2³³'

260 242 324 296 D
365 244 418 296 E
492 243 564 298 N
599 243 642 295 Ο
681 243 728 296 L
769 247 818 294 A

233 369 453 410 LIBER
491 367 830 409 TERTIUS.

87 459 994 521 DESACR18‚IN1T1ATIS‚ET

87 617 92 621 ,
116 571 391 626 dignitatibus
415 601 426 621 ‚
465 587 512 616 ac
539 586 750 626 proventu
790 584 963 615 eorum:

154 631 255 676 item
268 631 321 672 de
337 628 918 733 Begiffiziaraiisvespfflombus

392 786 587 826 CAP.
656 788 688 823 15

170 883 414 919 UPERIORE
438 880 634 915 VolumIne
671 877 850 925 praesentis
887 879 988 917 urbis

179 927 288 962 forma
316 926 686 970 strueturaque‘ornnis
700 935 805 971 atque
827 928 987 962 locorum

178 975 386 1015 viarumque
423 968 611 1012 descriptio
635 991 646 1008 a
674 972 878 1015 quinetiam
903 983 985 1014 ager

81 1029 126 1054 *ac
151 1020 223 1060 ejus
239 1026 352 1063 partes
375 1015 558 1060 explicatae
585 1014 664 1049 sunt
693 1016 834 1050 exa-Re:
862 1020 902 1051 In
917 1017 984 1050 hoc

78 1073 201 1100 autern
226 1063 332 1100 tertio
358 1072 464 1107 quem
491 1073 576 1097 mox
602 1063 776 1095 exaraturi
807 1060 984 1099 sumusli-

79 1108 175 1143 bello
198 1106 392 1142 referentur
414 1108 510 1140 cives
535 1128 548 1145 ‚
575 1113 679 1147 atque
704 1117 830 1141 eorum
866 1117 980 1141 mores

79 1156 111 1188 ει
133 1154 331 1188 exustiones
356 1163 366 1184 z
393 1153 489 1186 cives
527 1153 676 1197 inquam
717 1160 791 1188 tam
813 1151 979 1198 profani,

75 1209 183 1244 quam
196 1196 297 1231 sacris
314 1197 451 1232 initiati
468 1198 499 1230 &
516 1195 644 1231 addiffi
656 1209 666 1229 ε
692 1201 779 1233 item
795 1206 868 1233 tam
882 1199 982 1240 prin-

75 1246 170 1289 cipes
196 1240 418 1291 praesuleique
445 1253 553 1287 quam
577 1243 640 1288 qui
662 1241 757 1276 hisce
780 1252 951 1287 reguntur
966 1240 1020 1284 ‚C

75 1289 196 1333 hisque
222 1287 366 1328 obnoxii
386 1285 466 1322 sunt
490 1313 500 1321 .
526 1290 664 1322 Verum
688 1290 787 1334 prius
813 1288 854 1322 de
868 1287 974 1322 sacris

75 1333 248 1370 imbutis:
272 1333 437 1378 posterius
463 1331 504 1367 de
527 1330 688 1379 profanis
714 1334 975 1369 enarrabimus.

73 1383 162 1415 Sunt
189 1380 302 1423 igitur
327 1376 548 1413 sacerdotum
559 1378 785 1413 Nolanorum
810 1379 872 1413 alii
897 1380 971 1424 epi-

71 1424 227 1471 scopales
254 1445 267 1462 ‚
304 1435 392 1467 quos
431 1422 570 1460 clericos
603 1423 876 1472 presbyterosque
910 1435 971 1457 vo-

72 1475 156 1505 e'ant
167 1483 177 1503 t
192 1469 250 1510 aiij
263 1469 449 1504 coenobitae
465 1491 476 1508 ‚
499 1479 652 1515 quorum
668 1467 766 1503 hosce
794 1467 971 1503 monachos

71 1519 102 1550 Bc
120 1516 278 1561 fratres,
294 1513 458 1551 soeminas
474 1527 557 1549 vero
576 1513 757 1548 monachas
775 1514 970 1561 appellant,

70 1562 282 1597 clericorum
308 1570 427 1596 autem
455 1561 514 1602 alii
537 1562 618 1594 sunt
646 1557 839 1606 conscripti
865 1560 971 1593 statu-

72 1609 170 1653 tique
186 1609 223 1640 in
239 1605 358 1641 officio
380 1605 492 1652 quoad
517 1606 698 1640 vixerint:
726 1604 894 1639 nonnulli
912 1616 970 1637 ve-

69 1667 108 1689 ro
137 1650 402 1693 extraordinarii
428 1659 602 1697 vagantur
628 1662 640 1690 ;
666 1649 785 1684 statuti
811 1661 893 1684 vero
920 1647 971 1684 sa-

70 1698 226 1734 cerdotes
248 1698 274 1738 ij
298 1696 403 1736 sunt,
425 1700 486 1745 qui
516 1699 553 1731 in
579 1694 812 1741 chorhospitis
835 1692 967 1730 sedent:

380 143 421 188 *A
465 142 621 186 ·M'‘B
661 144 713 187 ‘R
757 143 813 186 'O
860 143 894 185 S
951 144 973 189 1
1027 145 1050 191 1

993 239 1154 284 Anqunt
1171 261 1182 278 ‚
1206 239 1379 284 capiunt.
1404 240 1616 283 Qnetiam
1646 251 1766 289 praeter
1794 255 1851 279 eas
1875 244 1954 289 per:

1164 144 1663 192 LEONIS
1845 155 1908 199 ⁸22:

1048 280 1145 320 sonas
1167 288 1275 319 etiam
1300 284 1445 329 eligitur
1471 288 1644 320 Sacrarius
1671 309 1682 325 ‚
1714 301 1819 335 quern
1841 289 1958 323 Sacri-

1042 332 1180 378 stanum
1196 338 1325 365 vocant
1339 342 1349 362 z
1377 331 1441 374 qui
1461 328 1585 364 unuse
1601 333 1845 368 numeralibus
1859 345 1960 368 com-

1052 384 1195 424 putatur
1218 401 1227 409 .
1252 374 1315 408 Sed
1339 386 1378 407 ea
1403 372 1560 418 dignitas
1589 387 1658 409 non
1684 378 1726 411 est
1755 379 1807 411 illi
1835 389 1959 424 peren·

1052 425 1133 460 nis3
1158 429 1317 455 mutatur
1331 421 1429 454 enim
1453 418 1496 453 ab
1523 417 1718 466 Episcopo,
1743 433 1860 466 ‚quum
1875 432 1958 458 mu.

1052 465 1153 502 tandi
1181 463 1367 500 neceffitas
1393 472 1454 498 aut
1484 465 1650 499 voluntas
1675 465 1811 501 aderit:
1835 476 1959 514 pzaeter

1049 510 1149 549 hosce
1175 511 1257 545 sunt
1283 509 1353 543 duo
1373 518 1611 557 procuratores
1641 531 1653 549 ‚
1691 519 1796 558 atque
1820 512 1956 556 quaesto-

1052 570 1128 594 res:
1153 567 1305 602 quorum
1331 556 1420 589 alter
1448 551 1467 586 ἒ
1491 557 1675 590 canonicis
1703 579 1714 594 ‚
1739 557 1826 591 alter
1848 556 1865 591 ἒ
1892 567 1958 590 nu-

1051 603 1244 641 meralibus
1271 599 1472 644 defiguntur
1490 624 1499 634 .
1526 601 1650 646 Neque
1674 599 1840 642 ejusmodi
1864 612 1959 646 quae-

1053 652 1142 685 stura
1167 654 1333 693 perpetua
1357 652 1477 679 manet
1497 655 1506 676 ε
1533 649 1727 690 quotannis
1755 649 1852 682 enim
1867 657 1960 692 quae-

1051 697 1149 732 stores
1165 693 1396 737 deliguntur.
1419 689 1611 736 Episcopus
1638 701 1757 728 autem
1784 714 1796 730 ‚
1828 694 1891 739 qui
1917 703 1959 726 o-

995 739 1030 783 B
1046 744 1189 777 mnium
1205 738 1383 773 Dominus
1394 735 1452 776 est,
1463 738 1601 781 primus
1616 736 1706 772 sedet
1719 740 1756 772 in
1779 738 1889 773 choro
1914 746 1957 771 ac

1050 791 1088 823 in
1115 784 1237 820 ordine
1271 780 1403 817 sedium
1441 781 1526 815 laevo
1553 781 1726 826 superiore
1751 808 1762 820 ‚
1788 786 1881 818 Nam
1913 784 1958 816 ue*

1049 832 1162 869 sedern
1186 831 1342 876 primam
1368 849 1379 865 ‚
1405 837 1480 872 quae
1505 828 1543 860 in
1577 827 1699 862 ordine
1724 828 1850 867 dextro
1871 842 1888 863 e
1942 849 1960 869 φ

1048 877 1174 915 εεψιιΙο
1197 872 1364 909 conceffit
1381 898 1391 906 .
1419 869 1610 920 Episcopus
1635 875 1836 918 quinetiam
1860 876 1899 909 in
1913 886 1958 913 ae-

1046 910 1151 959 digus
1177 921 1339 956 habitat,
1360 929 1435 962 quae
1450 915 1598 951 bahlicae
1624 921 1855 954 conterminae
1870 919 1958 954 stru-

1043 971 1104 1005 &ae
1130 965 1236 1001 sunt:
1262 964 1429 998 canonici
1453 973 1537 995 vero
1559 970 1664 1007 atque
1689 966 1805 998 caeteri
1830 975 1956 999 omnes

1041 1014 1162 1052 clerici
1177 1031 1191 1049 φ
1218 1009 1282 1045 suae
1306 1006 1452 1054 quisque
1469 1008 1482 1048 (
1502 1015 1542 1041 ut
1556 1007 1687 1050 lubet>
1708 1007 1804 1044 domi
1821 1008 1957 1048 3sacra-

1040 1064 1116 1097 rius
1144 1066 1263 1092 autem
1297 1050 1522 1090 solummodo
1560 1063 1644 1088 cum
1679 1054 1854 1089 ministris
1882 1055 1957 1094 eius

1040 1103 1170 1142 affidue
1196 1104 1233 1136 in
1260 1099 1394 1145 templo
1419 1095 1564 1145 praesens
1579 1097 1623 1132 est
1651 1120 1662 1138 ‚
1685 1110 1725 1134 ac
1753 1101 1791 1139 in
1808 1100 1886 1133 aula
1901 1098 1952 1133 sa-

1038 1151 1149 1186 craria
1186 1159 1313 1192 corpus
1341 1154 1443 1178 curat
1470 1168 1480 1179 0
1506 1143 1664 1185 Namque
1701 1144 1861 1179 diluculo
1883 1146 1957 1191 pri-

1037 1207 1138 1232 mum
1165 1204 1337 1236 campana
1365 1188 1499 1237 pulsata
1517 1191 1678 1226 citantur
1693 1191 1811 1225 clerici
1829 1202 1956 1227 omnes

1035 1242 1077 1277 ad
1104 1241 1302 1275 matutinas
1325 1238 1502 1271 orationes
1533 1247 1542 1268 ι
1566 1235 1771 1271 inclinante
1800 1247 1884 1270 vero
1901 1233 1956 1273 ,ad‘

1033 1284 1199 1322 occasum
1221 1281 1287 1317 sole
1314 1285 1444 1316 iterum
1469 1291 1644 1326 campana
1667 1291 1881 1317 revocantur
1911 1277 1955 1315 ad

1031 1334 1211 1369 orationes
1225 1327 1461 1376 vespertinas.
1490 1328 1564 1360 Nec
1587 1328 1664 1361 aliis
1678 1325 1773 1361 horis
1799 1326 1838 1360 ad
1856 1336 1947 1362 tem-

1031 1379 1133 1425 plum
1155 1376 1275 1410 clerici
1311 1371 1340 1407 se
1367 1370 1527 1407 conferre
1549 1382 1729 1418 coguntur
1757 1395 1768 1405 .
1798 1376 1953 1409 Proven-

1029 1434 1086 1459 tus
1108 1431 1227 1457 autern
1242 1429 1316 1455 tam
1334 1414 1500 1464 Episcopi
1523 1428 1630 1463 quarn
1654 1418 1748 1453 Cleri
1768 1417 1953 1463 colligun-

1027 1481 1086 1507 tur
1113 1480 1156 1503 ex
1182 1467 1293 1510 agris,
1320 1473 1382 1497 aut
1403 1461 1571 1498 domibus
1599 1462 1798 1498 tabernisve
1821 1463 1951 1496 locaris

1028 1523 1091 1554 aut
1119 1512 1320 1547 tributariis
1347 1521 1355 1542 :
1383 1519 1533 1553 quarum
1559 1507 1758 1554 poliesfioni
1783 1507 1949 1544 successe-

1028 1576 1063 1598 re
1085 1561 1210 1604 legatis
1228 1558 1259 1590 δι
1276 1556 1482 1590 testamento
1495 1551 1747 1588 defunekorum
1765 1579 1775 1588 .
1803 1555 1947 1587 Verun-

1028 1617 1148 1643 tamen
1175 1601 1205 1636 se
1236 1610 1329 1635 arata
1360 1601 1403 1634 est
1429 1598 1585 1645 poffeffio
1623 1611 1661 1637 ac
1689 1599 1828 1637 reditus
1853 1599 1948 1632 loco-

1029 1664 1109 1689 rum
1140 1613 1291 1695 ερὶίξορὶ
1319 1645 1361 1680 αἱ)
1388 1658 1423 1679 ea
1450 1667 1462 1684 ‚
1488 1657 1565 1686 quae
1587 1647 1631 1680 est
1654 1645 1737 1679 cleri
1769 1671 1778 1680 .
1805 1646 1946 1689 Quam-

1032 1698 1153 1734 obrem
1181 1702 1374 1739 proventus
1399 1692 1483 1729 cleri
1507 1694 1543 1725 in
1570 1692 1670 1727 statos
1691 1688 1765 1723 suos
1788 1689 1944 1726 sacerdo-

68 1747 202 1792 quique
226 1755 347 1777 omnes
371 1744 440 1779 duo
466 1740 546 1777 sunt
560 1750 666 1787 atque
691 1753 774 1779 xxx.
799 1740 1012 1786 QorumD
1034 1757 1083 1781 tes
1110 1739 1323 1774 dividuntur
1350 1751 1388 1771 eo
1418 1737 1516 1782 paccio
1550 1759 1561 1776 ‚
1585 1749 1654 1780 quo
1684 1734 1811 1780 singuli
1841 1744 1949 1770 cano-

68 1802 131 1827 xx.
153 1791 307 1822 canonici
332 1802 341 1823 z
367 1788 554 1824 duodecim
582 1799 665 1821 vero
689 1790 879 1822 numerales
906 1797 967 1832 ap-

65 1837 278 1882 pellantur3
313 1836 478 1870 canonici
515 1832 632 1867 sedent
658 1833 695 1865 in
735 1830 970 1877 chorhospitis

64 1878 319 1924 superioribus,
345 1880 426 1915 deni
449 1878 591 1926 quidem
616 1880 655 1911 in
681 1876 806 1914 ordine
829 1877 968 1914 dextro,

65 1940 104 1962 ac
128 1926 209 1959 deni
238 1928 276 1960 in
302 1924 460 1960 finistro:
485 1923 681 1959 numerales
704 1935 788 1958 vero
811 1926 850 1958 in
876 1921 967 1956 sedi-

63 1972 129 2007 bus
151 1968 380 2005 inferioribus
405 1969 558 2006 seffitant
573 1990 584 2006 ‚
611 1966 683 2002 seni
706 1970 743 2002 in
762 1969 870 2003 latere
883 1966 968 2001 dex-

65 2027 145 2055 tro,
169 2027 275 2061 atque
297 2015 368 2052 seni
392 2018 431 2049 in
453 2018 558 2051 latere
575 2016 683 2049 laevo.
710 2016 833 2060 Atque
858 2012 960 2048 ficuti

61 2064 228 2098 canonici
254 2059 327 2096 sede
354 2062 533 2096 excellunt
550 2060 767 2095 numerales:
799 2064 849 2095 ita
873 2070 962 2101 quo-

63 2110 190 2153 quein
216 2108 339 2152 quavis
365 2120 401 2159 re
432 2105 676 2153 participanda
705 2103 961 2151 praeferuntur.

60 2151 305 2199 (Quamobrem
332 2164 478 2192 majores
504 2161 619 2197 partes
657 2152 805 2196 capiunt
826 2154 857 2185 δι
882 2161 963 2195 pro-

1030 1792 1103 1828 nici
1130 1785 1275 1821 tricenis
1301 1781 1389 1818 senis
1427 1786 1542 1817 aureis
1581 1783 1774 1829 quotannis
1814 1783 1946 1829 imper-

1029 1840 1166 1873 tiantur
1188 1845 1198 1866 z
1221 1829 1418 1864 numerales
1448 1840 1534 1863 vero
1568 1830 1704 1863 vicenis
1730 1829 1915 1871 quaternis
1934 1827 1947 1861 .’

1029 1885 1122 1918 Nam
1152 1885 1273 1923 praeter
1290 1873 1387 1910 hosce
1412 1885 1625 1920 proventus,
1651 1873 1805 1919 quilibet
1819 1884 1943 1912 eorum

1027 1928 1114 1962 alios
1148 1922 1252 1958 habet
1281 1919 1438 1954 redditus
1475 1931 1518 1954 ex
1540 1921 1622 1955 aliis
1649 1927 1748 1954 extra
1777 1916 1941 1957 ordinem

1026 1969 1175 2019 posseffis
1197 1965 1331 2002 sacellis
1361 1991 1369 1999 .
1399 1964 1563 2010 Episcopi
1589 1978 1672 2000 vero
1692 1965 1832 1998 annalis
1857 1974 1938 2005 pm-

1021 2025 1150 2052 ventus
1179 2013 1221 2050 ad
1247 2012 1471 2056 offingentos
1499 2023 1618 2046 aureos
1643 2007 1940 2049 consummatur3

1023 2073 1151 2097 aureus
1183 2068 1302 2093 autem
1334 2067 1440 2102 atque
1455 2065 1639 2102 argenteus
1659 2052 1812 2103 pondere
1841 2066 1939 2098 pares

1019 2107 1116 2146 sunt,
1131 2105 1182 2141 sed
1197 2102 1298 2139 censu
1319 2102 1502 2139 differunt.
1522 2105 1684 2149 Namque
1700 2111 1803 2134 aureo
1817 2099 1939 2140 decem.

1020 2154 1181 2197 argentei
1199 2160 1339 2196 aequum
1364 2146 1506 2183 censum
1520 2147 1659 2183 faciunt
1677 2159 1686 2184 ς
1703 2144 1937 2191 quamobrem

60 2207 233 2237 ventuum
259 2200 291 2232 δε
313 2208 429 2232 rerum
453 2205 680 2235 caeterarum,
707 2208 783 2242 quae
803 2206 964 2231 commu·
1020 2209 1143 2236 aureus
1183 2198 1295 2231 etiam
1323 2195 1466 2229 docatus
1508 2195 1704 2238 appellatus
1734 2192 1778 2225 est
1802 2214 1813 2230 ‚
1839 2190 1936 2237 quod

59 2245 98 2281 ni
125 2243 332 2277 conditione
358 2241 398 2277 ad
423 2254 478 2276 eos
503 2242 703 2276 accesserint
720 2266 730 2279 ,
757 2242 1000 2283 Canonico-f)
1020 2243 1132 2277 decies
1159 2250 1325 2287 argenteo
1349 2240 1488 2275 valeat.
1523 2239 1721 2276 Coenobitae
1748 2245 1867 2272 autem
1880 2236 1934 2270 di-

58 2301 139 2326 rum
153 2290 353 2332 quinetiam
369 2295 518 2332 quatuor
533 2285 611 2320 sunt
633 2286 824 2332 dignitates
841 2283 962 2320 Archi-

61 2336 252 2372 diacomts,
278 2332 544 2376 Thefimrarius‚
568 2333 725 2366 Decanus
742 2354 752 2370 ‚
781 2334 812 2367 Sc
827 2336 961 2366 Cantor.

57 2381 224 2422 Quorum
250 2381 411 2412 Decanus
438 2379 470 2411 &
498 2377 633 2410 Cantor
658 2379 765 2422 primi
789 2376 906 2411 sedent
921 2378 960 2409 in

56 2426 179 2461 ordine
205 2422 335 2457 sedium
350 2422 580 2458 dextrarum:
605 2421 885 2457 Archidiaconus
899 2433 958 2456 ve-

56 2482 96 2505 ro
120 2480 157 2502 ac
185 2467 435 2503 Thesaurarius
461 2480 479 2501 a
512 2467 616 2502 latere
644 2467 808 2514 Episcopi
838 2470 876 2502 in
903 2478 960 2500 or-

55 2514 138 2548 dine
163 2514 246 2548 laevo
273 2528 284 2552 ς
308 2513 434 2548 harum
469 2511 690 2557 dignitatum
712 2512 879 2560 quaelibet
905 2510 956 2549 se-

55 2560 123 2596 mel
151 2559 303 2594 concessa
318 2570 503 2603 nunquam
517 2558 683 2595 tollitur,
710 2557 772 2592 nili
798 2557 954 2605 poffeffor

54 2606 317 2642 renunciaverit
341 2605 502 2650 episcopo
530 2614 541 2642 3
563 2611 638 2637 tum
660 2605 771 2648 igitur
789 2605 876 2638 aiter
903 2604 955 2637 lo-

51 2661 96 2686 eo
118 2651 360 2686 renunciantis
397 2659 566 2695 tanquam
590 2646 747 2684 defuneti
784 2647 952 2684 adscribi-

54 2704 114 2731 tur
139 2706 177 2729 ac
197 2693 425 2730 admittitur:
454 2693 506 2730 sed
533 2704 652 2729 tamen
682 2696 720 2730 in
749 2695 869 2729 locum
893 2707 953 2730 ca-

1006 2562 1121 2605 gulo,
1147 2562 1210 2605 qui
1237 2558 1281 2593 est
1308 2556 1513 2592 sub-Turre

1020 2290 1222 2332 stinguntur
1256 2298 1269 2325 5
1295 2297 1377 2320 narn
1402 2284 1463 2324 alij
1489 2283 1570 2319 sunt
1605 2282 1770 2319 monachi
1801 2280 1934 2317 festan-

1018 2343 1069 2369 tes
1098 2332 1192 2367 beati
1209 2331 1396 2376 Augustini
1417 2328 1542 2364 statuta
1568 2351 1581 2368 ι,
1607 2330 1669 2375 qui
1697 2329 1736 2362 in
1763 2327 1935 2362 monaste-

1018 2383 1072 2415 rio
1092 2380 1250 2413 vivunt,
1279 2375 1374 2422 quod
1402 2372 1497 2408 beati
1529 2375 1669 2409 Paulini
1691 2371 1775 2408 fano
1801 2373 1930 2408 haeret:

1018 2425 1079 2459 alii
1109 2435 1191 2457 vero
1216 2421 1310 2458 beati
1330 2417 1502 2455 Francisci
1529 2419 1669 2455 ordines
1693 2429 1732 2452 ac
1756 2425 1932 2462 praecepta

1017 2468 1202 2503 subeuntes
1230 2469 1413 2512 vitamque
1432 2474 1573 2509 agentes
1600 2467 1636 2499 in
1657 2462 1930 2499 coenobiisduo-

1014 2515 1080 2549 bus
1096 2536 1107 2553 ‚
1132 2525 1285 2560 quorum
1313 2513 1464 2545 alterum
1487 2511 1532 2546 est
1563 2512 1659 2545 intra
1672 2509 1802 2543 Nolam
1816 2510 1853 2542 in
1867 2519 1931 2544 an.-

1536 2557 1900 2600 Qinquepontarum
1914 2575 1927 2593 ‚

1012 2606 1166 2642 alterum
1203 2607 1242 2638 in
1269 2603 1529 2648 iugo.Gecalae
1554 2601 1655 2635 collis
1681 2624 1690 2634 .
1727 2601 1864 2633 Verum
1886 2599 1926 2633 hi

1012 2651 1122 2686 nudos
1150 2649 1250 2697 pedes
1265 2648 1413 2684 socculis
1440 2650 1470 2682 δε
1492 2646 1594 2682 soleis
1606 2645 1778 2682 duntaxat
1794 2645 1924 2688 ligneis

1010 2698 1183 2733 muniunt
1199 2718 1210 2732 ·›
1236 2704 1341 2741 atque
1368 2693 1560 2728 interulam
1583 2692 1667 2738 pilis
1691 2690 1818 2737 asperis
1839 2699 1923 2723 con-

52 2742 174 2775 nonici
201 2749 274 2774 tam
296 2739 421 2785 absque
433 2741 609 2784 dignitate
628 2739 875 2785 praedi&arum
892 2742 990 2783 ali-F
1004 2741 1133 2778 feeiam
1161 2739 1290 2778 affidue
1319 2739 1481 2774 indutam
1506 2747 1656 2783 gerunt,
1684 2738 1778 2772 linea
1795 2737 1924 2769 omnia

52 2796 121 2831 qua
146 2785 365 2831 dignitatum
379 2788 495 2820 ornati
521 2808 534 2824 ,
560 2784 772 2821 adscribitur
789 2788 844 2821 vel
859 2797 951 2822 unus

52 2831 70 2866 ἒ
96 2831 335 2865 numeralibus
351 2854 362 2870 ‚
388 2833 443 2865 vel
459 2832 586 2875 aliquis
609 2834 670 2879 qui
693 2842 790 2867 extra
807 2843 951 2867 omnem

52 2876 210 2911 ordinem
237 2877 402 2922 epilcopii
429 2876 619 2913 manserit:
647 2881 703 2913 vel
724 2880 834 2913 etiam
846 2888 952 2912 cano-

51 2925 153 2956 nicus
181 2920 220 2953 ad
247 2923 403 2967 aliquam
427 2934 548 2957 earum
572 2921 787 2969 dignitatem
811 2922 950 2958 attolli-

51 2974 109 2999 tur
134 2991 143 2998 .
171 2965 223 2998 Ad
246 2968 437 3003 numeralis
476 2979 559 3002 vero
593 2967 776 3004 sacerdotis
801 2973 922 3005 locum
938 2988 949 3006 ι

52 3010 115 3045 ubi
139 3023 288 3045 mortem
310 3022 390 3047 cum
424 3015 499 3048 vita
523 3018 754 3049 commutarit
780 3039 791 3055 ‚
819 3014 951 3051 solum-

50 3056 155 3092 modo
181 3059 397 3101 recipiuntur
424 3080 436 3097 ,
461 3063 521 3105 qui
547 3061 815 3103 extraordinarii
843 3058 951 3099 sunt3

51 3102 116 3137 hac
153 3106 249 3136 enim
276 3100 330 3147 spe
351 3104 507 3151 plerique
532 3104 634 3140 sacris
661 3108 797 3141 initiati
824 3107 856 3139 Sc
877 3102 952 3139 dia-

50 3149 130 3180 coni
154 3150 312 3193 gratuito
339 3151 470 3194 templo
492 3147 648 3185 serviunt
674 3164 683 3184 ε
712 3163 862 3197 quorum
888 3162 951 3185 ne-.

48 3203 110 3241 mo
132 3202 192 3226 aut
218 3194 409 3226 canonicus
435 3195 479 3228 est
506 3207 565 3230 aut
589 3200 806 3236 numeralis,
827 3198 890 3244 qui
917 3198 950 3230 Sc

49 3239 72 3270 11
94 3239 185 3273 nilzil
207 3248 321 3270 rerum
345 3239 564 3279 clericalium
592 3244 831 3288 participant,
847 3242 950 3276 alunt

47 3279 80 3315 se
93 3293 209 3319 tam-:n
237 3284 396 3322 lucellis,
419 3296 493 3329 qux-2
507 3290 681 3322 orationes
700 3286 863 3323 faciendo
876 3286 949 3319 col-

47 3327 188 3372 ligunt,
217 3339 319 3373 atque
345 3333 460 3376 parvis
486 3331 570 3364 aliis
599 3333 850 3376 vetiigalibus,
872 3343 947 3373 qu-”e

48 3372 92 3411 ‚ab
113 3375 399 3417 extraordinariis
435 3374 566 3410 sacellis
590 3397 602 3415 ‚
642 3379 680 3411 in
701 3378 829 3423 quibus
854 3377 944 3414 [acra

1009 2798 1084 2826 tarn
1115 2785 1292 2822 vestiendo
1325 2796 1433 2832 quarn
1465 2782 1676 2818 dormiendo
1714 2780 1918 2826 fugientes;

1007 2833 1239 2882 quamobrem
1264 2829 1481 2875 Observantes
1513 2830 1737 2875 appellantur
1754 2826 1831 2866 ;llli
1856 2839 1917 2861 ve-

1008 2893 1046 2921 ro
1073 2882 1104 2919 <Sc
1133 2880 1242 2919 lineas
1272 2875 1442 2912 interulas
1480 2875 1639 2911 induunt
1662 2897 1674 2913 .‚
1699 2876 1729 2906 Sc
1763 2874 1800 2906 in
1829 2871 1917 2906 leffio

1006 2926 1100 2960 linea
1126 2925 1283 2958 sternunt
1301 2944 1313 2961 ‚
1340 2930 1444 2961 atque
1470 2921 1600 2965 caligas
1634 2920 1775 2956 laneas,
1803 2918 1920 2951 &cal-,2

1004 2981 1081 3005 ceos
1102 2966 1327 3015 crepidasque
1343 2989 1355 3006 ,
1380 2977 1456 3013 quae
1475 2967 1492 3001 ὲ·
1509 2964 1628 2999 subere
1648 2967 1816 3011 corioqrie
1832 2975 1920 2998 con-

1008 3015 1178 3052 suuntur,
1206 3013 1405 3047 admittunt
1430 3024 1439 3054 5
1463 3010 1762 3054 conventualesque
1786 3020 1920 3042 vocan-

1009 3070 1090 3095 tur.
1116 3062 1276 3098 Omnes,
1299 3060 1360 3103 qui
1388 3056 1540 3102 praediffi
1567 3053 1645 3090 sunt
1661 3078 1673 3094 ‚
1695 3055 1848 3090 ostiatim
1874 3057 1914 3088 in

1007 3106 1094 3140 urbe
1132 3104 1342 3139 mendicant
1377 3120 1388 3141 ·,
1427 3100 1480 3136 sed
1506 3098 1774 3148 Augustinenses
1810 3108 1916 3145 atque

1009 3149 1227 3187 Franciscani
1239 3147 1490 3184 conventuales
1503 3170 1514 3186 ‚
1529 3156 1650 3194 praeter
1666 3145 1916 3192 praedicamen-

1007 3205 1043 3230 ta
1060 3218 1071 3234 ‚
1092 3200 1201 3230 etiarn
1228 3194 1413 3238 yeffigalia
1426 3204 1469 3227 ex
1489 3195 1580 3227 aeris
1602 3203 1641 3226 ac
1665 3189 1856 3235 domibus,
1872 3191 1905 3226 86

1005 3240 1169 3276 tabernis
1203 3240 1405 3282 colligunt:
1437 3224 1673 3279 Obfe'tyantes
1706 3247 1788 3271 vero
1827 3233 1913 3279 solis

1005 3284 1227 3322 munusculis
1252 3294 1355 3327 atque
1371 3286 1492 3330 petitis
1516 3281 1795 3324 mendicatisque
1810 3282 1912 3314 alunt

1005 3331 1036 3365 se
1062 3352 1074 3367 ‚
1099 3328 1362 3376 pofleffionibus
1393 3329 1661 3376 quibuscunque
1701 3339 1773 3361 non
1799 3324 1915 3360 solum'

1002 3373 1198 3419 redditibus
1220 3373 1516 3422 abrenunciantes
1540 3400 1551 3409 .
1577 3373 1908 3451 Loenobitifautem

1357 3423 1383 3465 Ε
1760 3417 1864 3457 qemi—
