2404 3882
789 158 834 189 Ι

57 252 276 313 paratum
312 277 325 288 .
372 240 531 308 Atque
570 242 636 290 ita
674 240 785 297 Te,
834 241 1152 292 PRINCEPS
1189 242 1818 301 EXCELLENTISSIME
1843 287 1860 310 ,

57 317 147 382 pro*
182 310 494 379 Reipublicae
556 312 835 360 muneribus
903 311 1136 362 obeundis
1181 313 1392 382 dignum
1437 317 1689 368 reddidisti
1738 354 1752 375 ‚
1811 338 1865 372 ut

57 382 257 433 eandem
301 386 449 431 etiam
486 384 669 437 tutari,
714 381 774 430 ad
820 385 967 450 Regis
1011 384 1161 432 nostri
1206 383 1543 434 amabilissimi
1592 387 1867 438 amantissi-

54 459 218 520 mique
262 464 438 500 nutum
464 483 480 507 ,
517 450 565 498 &
608 450 767 508 velis,
813 451 860 500 δε
904 450 1089 519 possis.
1148 453 1225 500 Tu
1272 468 1433 504 autem
1479 454 1561 504 hic
1606 457 1666 505 ad.
1710 462 1863 509 animi

53 524 150 573 Tui
195 519 607 571 oblestamentum
673 523 1109 588 documentumque
1174 522 1359 571 videbis
1415 524 1460 572 &
1505 527 1668 593 Regni
1715 529 1864 578 nostri

54 596 203 642 varias
247 623 263 646 ,
320 606 372 641 ut
417 596 472 641 in.
515 593 649 639 rebus
693 591 919 641 omnibus
966 625 982 648 ,
1041 588 1432 649 vicissitudines,
1472 594 1518 642 &
1563 600 1868 662 quammulta

53 660 427 730 Regnicolarum
451 663 718 726 nostrarum
742 694 757 716 ,
801 660 1080 709 Gentilium
1121 660 1400 727 praesertim
1439 678 1630 714 tuorum
1671 698 1686 720 ,
1724 685 1863 733 prae-

53 733 175 787 clara
220 732 468 797 facinora3
504 737 681 797 eritque
723 745 974 797 propterea
1015 729 1265 781 Volumcn
1302 731 1392 781 hoc
1416 767 1431 789 ,
1478 734 1727 784 accedente
1758 740 1867 786 Au-

52 802 238 854 'storum
282 803 558 870 dignitate,
593 814 785 868 gratum
829 801 946 849 Tibi
990 815 1331 868 acceptumque
1356 841 1367 851 .
1412 804 1538 865 Qid
1577 808 1724 871 igitur
1764 804 1864 873 ipse

52 868 240 942 sperem
284 875 478 940 ignotus
522 869 677 920 adhuc
718 869 993 938 nulliusque
1037 875 1200 919 meriti
1248 871 1557 923 homuncio?
1610 874 1698 922 Sed
1742 894 1861 942 quae

55 957 137 992 tua
181 943 246 992 est
289 942 559 991 humanitas
583 975 599 997 ‚
641 954 781 1007 atque
821 944 976 989 animi
1013 939 1244 989 celsitudo
1289 960 1397 992 cum
1431 943 1719 993 liberalitate
1749 963 1862 996 con·-

54 1012 218 1078 juncota
245 1042 260 1067 ,
296 1013 491 1078 accipies
531 1010 697 1079 procul
739 1009 888 1059 dubio
929 1027 1107 1060 munus
1130 1045 1147 1067 ,
1190 1011 1318 1080 quod
1356 1011 1604 1062 exhibetur
1628 1048 1644 1069 ‚
1681 1014 1861 1066 &cum

59 1083 152 1132 hoc
194 1079 466 1130 exhibentis
509 1088 729 1132 animum
768 1113 784 1137 ‚
836 1098 983 1149 quem
1014 1081 1111 1130 ‘effe
1152 1096 1442 1132 caeterorum
1487 1087 1713 1134 omnium
1756 1105 1864 1135 mu·-

53 1167 227 1203 nerum
289 1136 536 1217 opt-imum
596 1150 1126 1219 preciofissimumque‚
1163 1154 1216 1201 in
1256 1154 1512 1203 Proverbio
1555 1155 1622 1204 est
1669 1194 1681 1204 .
1742 1156 1859 1203 Col-

52 1221 203 1271 leston·
245 1221 493 1270 dumtaxat
538 1220 728 1283 hujusce
766 1254 781 1276 ,
825 1220 871 1269 &
914 1221 1148 1271 similium
1172 1255 1188 1276 ,
1225 1238 1344 1288 quae
1380 1221 1666 1293 sequentur,
1704 1225 1858 1274 Volu-

54 1295 252 1342 minum
289 1323 307 1346 ‚
351 1290 466 1346 fui,
501 1310 551 1344 ac
584 1309 700 1344 ero,
745 1291 894 1341 fateor
940 1328 951 1339 .
1010 1294 1079 1340 At
1130 1291 1329 1341 adhibui
1373 1295 1698 1350 industriam,
1745 1295 1859 1344 dili.

89 1362 273 1411 entiam
296 1393 312 1415 ,
350 1361 622 1427 impensam
645 1393 661 1416 ,
696 1377 841 1428 quam
878 1363 1055 1428 potui,
1093 1367 1360 1412 maximam
1383 1402 1393 1413 .
1433 1364 1491 1413 Id
1516 1397 1530 1419 ‚
1571 1365 1700 1431 quod
1738 1384 1852 1415 con-

49 1378 226 1486 {renti
275 1444 468 1499 utraque
510 1432 670 1486 Tibi,
708 1431 743 1481 fi
773 1431 921 1482 ⁴lubet
947 1464 962 1487 ‚
1007 1431 1093 1479 fiet
1120 1432 1304 1498 ,palam
1333 1469 1344 1480 .
1407 1435 1471 1483 Et
1516 1435 1616 1502 ipse
1659 1439 1861 1489 interim

51 1504 213 1552 Deum
255 1503 372 1568 Opt.
413 1503 549 1551 Max.
596 1520 686 1569 pro
729 1500 1066 1558 incolumitate
1111 1515 1190 1550 tua
1237 1536 1252 1558 ‚
1319 1515 1371 1553 ac
1417 1508 1590 1566 majori
1655 1510 1710 1556 in
1755 1507 1858 1555 dies

53 1587 136 1623 tuo
181 1571 490 1641 Tuorumquc
526 1572 826 1623 incremento
861 1604 877 1626 2
936 1589 1020 1620 oro
1061 1571 1360 1641 obtestorque
1383 1609 1400 1634 ‚
1441 1577 1630 1627 futurus
1669 1592 1857 1647 quoque

52 1642 153 1698 Tui
196 1641 504 1709 Tuorumque
528 1677 544 1700 ,
582 1642 700 1692 dum
735 1646 790 1693 in
825 1641 1051 1693 humanis
1094 1660 1234 1711 agam
1257 1676 1276 1699 ‚

188 1780 696 1841 EXCELLENTISS.
719 1782 1014 1834 DOMINE.

724 1923 903 1980 Neapoli
930 1921 984 1964 V.
998 1919 1091 1965 Kal.
1106 1923 1284 1981 Augusti
1313 1923 1714 1985 MDCCXXXV,

1005 3386 1243 3427 Humillimm
1270 3388 1316 3430 &⁴
1341 3390 1655 3442 obfiquentiffimus
1684 3395 1849 3437 famulus

1273 3443 1740 3500 Dominicusjordanus.
1848 3444 1849 3447 ¹
