2404 3882
136 269 221 318 Τοῖ’

360 265 444 311 m:
459 265 768 328 ANTIQHT.
781 264 854 309 ET
871 264 1054 308 VARIA
1071 260 1326 306 TARENT.
1342 261 1649 306 FORTUNAss

1793 271 1876 313 506

20 375 24 424 ἰ
76 363 196 399 navali
222 359 370 396 statione
400 369 476 396 erat
502 384 514 401 ‚
539 373 610 396 una
632 372 712 395 cum
730 359 799 396 suis
813 360 1023 401 ascendit‚A
1072 361 1103 395 A
1127 359 1163 394 N
1184 357 1221 391 N
1243 358 1305 390 113
1327 355 1359 390 Α
1383 357 1410 389 L
1465 361 1487 392 C
1507 359 1541 390 U
1567 358 1606 393 M
1649 359 1678 390 T
1703 358 1734 392 Α
1763 362 1788 399 R
1812 361 1835 392 Ε
1860 361 1911 396 N-

81 411 112 442 &
141 408 181 442 in
206 417 324 441 arcem
359 404 556 453 asportatur
594 431 604 440 .
647 407 718 442 Post
745 406 780 441 id
813 407 983 452 temporis

84 453 312 488 Philemenus
343 452 447 487 tubas
474 453 615 487 navales
652 455 825 487 Romanas
856 459 981 498 parat,

79 496 210 543 quibus
227 497 394 531 nonnulli
417 496 518 531 usum
542 509 662 532 earum
686 506 827 544 propter
839 495 982 531 consue-

77 541 242 577 tudinem
266 542 435 576 callentes
470 565 483 581 ‚
520 545 607 577 circa
641 544 822 578 theatrum
857 541 984 575 stantes

76 585 290 632 clangebant
308 607 320 624 ‚
346 585 511 633 fignaque
528 587 681 623 dabant.
713 589 880 622 Romanis
896 583 980 619 verb

81 634 120 668 in
139 633 248 666 armis
275 628 470 667 secundum
491 631 785 667 consuetudinem
806 631 846 665 ad
869 642 986 665 arcem

78 675 377 713 concurrentibus
399 699 410 716 ‚
446 676 598 712 succedit
627 680 693 713 hoc
711 687 873 725 coeptum
899 676 986 710 Car·

77 719 342 768 thaginenfibus
366 733 410 757 ex
435 726 548 758 animi
575 723 748 758 sententia
773 747 783 756 .
847 725 883 756 ui
911 721 985 767 pla·

78 777 152 804 teas
177 767 257 803 ilias
283 767 490 803 inordinate
528 791 542 808 ‚
574 779 615 802 ac
640 766 782 811 sparfim
806 768 985 814 ingredie-

80 813 218 849 bantur
243 836 253 846 .
277 812 488 848 incidebant
513 815 576 848 aiii
601 816 640 847 in
665 814 985 859 Carthaginenses,

1208 404 1294 436 tini:
1320 404 1388 436 init
1412 404 1451 439 de
1479 403 1662 437 munienda
1686 403 1778 438 vrbe

1393 447 1567 494 confilium
1583 472 1594 481 .

1457 540 1575 574 UT

1219 543 1251 578 c
1304 544 1336 578 A
1386 545 1412 578 P
1664 538 1768 585 an.

1043 636 1256 718 qEquenti
1287 634 1345 669 die
1373 630 1532 669 Annibal
1559 633 1652 667 inito
1675 640 1756 664 cum
1785 631 1953 665 Tarenti-

1042 697 1064 719 ι
1117 685 1171 717 nis
1196 679 1366 720 consilio,
1391 680 1576 713 civitatem
1602 687 1707 711 muro
1729 675 1772 709 ab
1796 687 1871 709 arce
1896 675 1951 709 di-

1042 727 1216 773 stinguere
1242 747 1254 765 ‚
1280 728 1309 759 &
1336 725 1559 760 communire
1582 721 1741 756 decernit
1769 743 1779 759 ‚
1807 733 1848 754 ne
1874 724 1956 765 quis

1042 784 1160 808 metus
1185 784 1202 806 a
1218 772 1387 806 Romanis
1411 779 1525 803 arcem
1552 766 1814 813 occupantibus
1842 768 1876 800 in
1892 778 1954 811 po-

1047 819 1172 853 sterum
1194 814 1274 862 ipsis
1296 816 1504 850 Tarentinis
1529 815 1814 858 relinqueretur:
1841 814 1954 856 igitur

79 859 117 894 in
143 858 262 893 Celtas
290 859 353 893 alii
390 881 401 898 ‚
437 859 569 906 quibus
601 860 669 894 hoe
697 859 806 905 *pasto
843 855 1031 897 occifis‚B
1048 866 1234 900 civitatem
1254 864 1411 908 primum
1438 860 1533 893 vallo
1559 860 1768 900 praemunire
1795 857 1955 899 aggredi-

77 913 206 982 triggua
235 907 481 942 Romanorum
511 905 677 940 militum
703 902 902 940 multitudo
928 914 989 950 pe-

79 961 109 985 n
137 957 172 982 at
188 972 198 982 .

100 1038 444 1077 ANNJBAL
498 1042 702 1088 QUAM
745 1038 971 1077 HUMA-

233 1085 361 1130 mffime
389 1088 594 1124 Tarentinos
619 1088 816 1137 alloquitur
833 1113 845 1124 .

272 1178 303 1212 C
352 1185 384 1217 A
432 1184 459 1218 Ρ
507 1182 542 1216 U
589 1183 623 1217 T
716 1181 806 1215 VII.

81 1267 352 1348 ILlucescente
377 1271 433 1306 die
457 1271 649 1308 Tarentini
674 1270 819 1318 quidem
847 1268 993 1305 in'aedi-

139 1313 206 1347 bus
230 1313 300 1349 suis
324 1316 553 1361 quiescebant
590 1340 602 1357 ,
635 1331 718 1352 cum
751 1329 822 1351 non
857 1316 989 1362 possent

77 1360 233 1405 amplius
258 1358 469 1408 disponere,
494 1363 590 1410 quod
619 1362 827 1398 accidebat:
857 1363 990 1395 etenim

75 1404 122 1458 οξ)
146 1405 350 1450 clangorem
376 1408 497 1448 tubae,
523 1412 554 1444 Sc
586 1411 759 1456 quoniam
785 1408 883 1442 nulla
915 1405 994 1443 affi-

76 1450 262 1504 ciebantur
287 1454 444 1493 iniuria,
470 1466 535 1489 nec
557 1458 681 1501 rapina
708 1453 991 1490 exercebaturin

79 1496 266 1534 civitate,
289 1508 407 1533 motus
432 1499 512 1534 illos
538 1513 580 1536 ex
598 1503 767 1535 Romanis
788 1498 849 1534 effe
874 1498 993 1532 existi-

81 1541 232 1594 mabant
249 1566 258 1576 .
284 1542 357 1578 Ubi
383 1543 466 1579 verb
492 1545 630 1580 suorum
648 1546 780 1579 multos
805 1547 842 1578 in
866 1543 990 1585 plateis

77 1585 232 1626 OCC¹s082
257 1590 287 1623 &
316 1591 508 1625 nonnullos
528 1603 571 1625 ex
595 1592 734 1625 Galatis
758 1593 991 1634 interempto-

75 1642 157 1666 rum
176 1635 414 1669 Romanorum
439 1635 606 1671 cadavera
622 1635 765 1682 spoliare
780 1633 988 1671 cernebant»

77 1674 119 1709 de
145 1679 480 1725 Carthaginensium
515 1681 675 1715 adventu
708 1679 873 1726 suspicari
914 1691 989 1713 εοε-

80 1732 209 1775 pertint
226 1748 236 1758 .
262 1724 419 1760 Annibal
447 1736 566 1761 autem
595 1737 676 1760 cum
701 1728 897 1760 exercitum
918 1727 989 1767 jam

79 1779 118 1800 m
143 1766 219 1803 foro
244 1769 403 1808 locasset,
429 1783 468 1805 ac
489 1774 640 1807 Romani
666 1775 706 1806 in
731 1782 847 1806 arcem
872 1768 906 1803 se
931 1768 987 1807 se,

75 1823 183 1891 Ruam
207 1814 383 1855 custodia,
413 1818 445 1851 δε
470 1826 571 1851 antea
592 1827 852 1863 occupaverant
869 1838 880 1853 ‚
907 1813 988 1848 sub-

102 1858 251 1894 uxrll'ent
278 1881 289 1897 ‚
315 1861 408 1895 clara
439 1863 516 1897 luce
544 1874 602 1908 per
634 1874 827 1908 praeconem
857 1860 991 1900 edicit,

78 1913 120 1938 ut
146 1906 335 1939 Tarentini
361 1918 484 1942 omnes
504 1906 574 1942 line
605 1910 712 1942 armis
742 1909 778 1941 in
801 1905 877 1941 foro
905 1917 993 1940 con-

82 1959 311 1995 gregarentur
340 1963 351 1984 τ
387 1951 554 1991 juventus
580 1952 664 1986 vero
699 1954 885 1987 civitatem
922 1953 992 1985 cir-

80 1998 240 2029 cumiens
255 1996 386 2031 clamat
407 1997 507 2034 limul
522 1997 562 2031 ad
579 1998 796 2036 libertatem,
811 1999 994 2032 hortatur-

85 2051 151 2086 que
176 2063 187 2079 ‚
212 2050 253 2074 ut
282 2042 575 2089 Carthaginenses
599 2041 753 2090 ipsorum
775 2044 870 2078 bono
887 2041 991 2076 arleffe

79 2085 322 2120 considerent.
347 2089 539 2136 Qotquot
564 2092 685 2134 itaque
710 2101 753 2123 ex
777 2089 988 2124 Tarentinis

82 2131 251 2168 favebant
276 2135 446 2167 Romanis
472 2156 483 2172 ‚
522 2147 557 2169 re
582 2136 760 2169 intelleSia
783 2133 987 2168 secedebant

81 2178 121 2212 in
146 2188 262 2211 arcem
286 2178 328 2213 ad
346 2177 550 2214 Praefesrum
571 2202 582 2218 ‚
609 2180 736 2227 reliqui
759 2179 799 2214 ad
816 2180 988 2224 praeconis

82 2234 207 2257 vocem
233 2225 385 2258 inermes
409 2224 716 2270 congregabantur
745 2238 755 2258 ·.
778 2226 844 2260 hos
870 2224 988 2258 Anni-

85 2267 143 2304 bal
169 2267 361 2314 benignis,
387 2271 417 2303 &
436 2271 604 2305 humanis
628 2271 823 2316 alloquitur
847 2269 989 2304 verbis:

82 2324 165 2349 tum
188 2323 308 2350 autem
335 2316 525 2350 Tarentini
565 2319 786 2350 unanimiter
821 2313 954 2359 singula
979 2334 990 2351 ν

87 2371 162 2405 quae
186 2357 397 2410 dicebantur
423 2370 565 2406 propter
605 2363 793 2407 inopinam
816 2359 910 2407 spem
935 2352 1034 2392 ari-E

83 2405 256 2440 notaflent
282 2425 294 2442 ³
335 2414 414 2440 turn
441 2405 586 2452 quidem
611 2408 744 2441 multos
768 2419 811 2441 ex
839 2406 910 2440 illis
937 2403 990 2437 di-

83 2452 227 2489 mittit,
252 2449 469 2493 mandatque
494 2460 535 2485 ut
558 2450 685 2497 finguli
705 2451 853 2485 domurn
869 2447 992 2483 reversi

81 2494 222 2531 foribus
246 2493 315 2530 suis
334 2507 466 2531 nomen
495 2499 690 2532 Tarentini
720 2496 909 2543 diligenter
938 2497 994 2528 in-

85 2538 304 2580 scriberent,
328 2539 353 2575 fi
379 2538 464 2577 verb
488 2539 679 2590 quisquam
704 2541 908 2576 idnomiuis
926 2542 994 2574 Ro-

86 2597 193 2621 mano
218 2587 376 2632 cuipiam
412 2585 606 2622 diversorio
643 2586 849 2622 inscriberet
886 2607 897 2624 ‚
934 2586 990 2619 illi

87 2633 212 2665 mortis
236 2628 452 2677 supplicium
477 2627 691 2668 determinat
719 2658 729 2666 .
756 2631 893 2666 seleSios
925 2632 994 2674 ita-

87 2688 153 2722 que
177 2674 219 2710 ad
241 2689 318 2711 eam
345 2690 419 2712 rem
446 2677 825 2714 accommodatiffimos
851 2676 891 2711 ad
907 2676 996 2711 diri-

89 2721 260 2768 piendum
277 2725 520 2758 Romanorum
545 2723 632 2758 aedes
656 2727 802 2762 mittit,
824 2721 994 2757 datoillis

89 2766 272 2814 lymbolo‚
297 2777 338 2803 ut
358 2768 442 2803 aedes
459 2770 738 2803 Tarentinorum
757 2771 905 2803 nomine
921 2779 993 2802 non

89 2811 277 2857 inscriptas
299 2813 439 2850 hostiles
470 2813 532 2848 effe
557 2813 757 2855 judicarent
793 2835 805 2853 ‚
842 2813 996 2859 reliquos

1047 919 1104 947 tur
1126 907 1243 944 corres
1288 905 1418 942 ndente
1441 906 1622 939 moenibus
1649 905 1761 941 arcis,
1788 906 1954 937 &turnu-

1046 956 1107 994 lo,
1131 956 1192 1000 qui
1215 965 1232 987 e
1283 960 1365 986 ante
1389 962 1529 984 arcem:
1557 947 1683 991 (hodie
1711 950 1768 983 hic
1792 947 1955 982 tumulus

1048 1001 1136 1041 jussu
1164 999 1320 1044 Philippi
1351 995 1522 1030 Austriaci
1561 996 1662 1039 Regis
1701 993 1834 1029 excisus
1857 993 1953 1037 ὠὴ)

1049 1046 1220 1090 quoniam
1234 1052 1352 1077 autem
1379 1038 1476 1074 certi>
1505 1039 1656 1077 sciebat,
1685 1036 1784 1078 fore,
1810 1047 1956 1071 utnun-

1047 1102 1155 1135 quam
1180 1087 1288 1132 hostes
1310 1085 1527 1134 quiescerent
1555 1108 1566 1124 ‚
1607 1084 1660 1118 sed
1698 1097 1737 1118 eo
1765 1086 1840 1118 loco
1863 1086 1956 1115 vires

1047 1137 1122 1172 suas
1148 1131 1361 1170 ostensuros,
1387 1129 1600 1165 sufficientes
1625 1129 1788 1164 adhibuit
1822 1129 1958 1172 copias,

1048 1181 1241 1217 arbitratus
1276 1177 1371 1212 nihil
1404 1179 1517 1220 magis
1559 1178 1594 1209 in
1626 1175 1788 1210 futurum
1824 1173 1866 1207 ad
1889 1173 1956 1206 hoc

1050 1225 1281 1262 neceflarinm
1307 1222 1458 1260 fore‚ut
1485 1223 1635 1256 Romani
1659 1220 1958 1255 absterrerentur,

1050 1275 1080 1306 &
1108 1271 1388 1314 Tarentinorum
1415 1269 1523 1301 animi
1541 1265 1840 1301 confirmarentur
1858 1288 1866 1296 .
1890 1264 1957 1296 Ro-

1049 1319 1165 1352 manis
1189 1312 1274 1349 verb
1299 1324 1406 1352 mox,
1436 1321 1539 1356 atque
1565 1312 1701 1346 vallum
1726 1311 1834 1344 initio
1854 1309 1960 1342 strue·

1049 1363 1154 1398 batnr
1183 1381 1195 1399 ‚
1231 1357 1450 1394 confidenter
1473 1359 1503 1392 &
1530 1356 1650 1391 audaci
1676 1363 1806 1390 conatu
1831 1352 1958 1388 adver-

1050 1411 1155 1443 sarios
1183 1403 1438 1440 invadentibus
1466 1425 1476 1443 ‚
1515 1402 1673 1437 Annibal
1692 1411 1770 1434 cum
1794 1400 1868 1434 illis
1894 1409 1957 1443 pa-

1051 1464 1194 1500 rumper
1208 1448 1405 1495 congressus
1421 1473 1431 1488 ‚
1459 1456 1628 1496 provocat
1645 1459 1701 1481 eos
1729 1445 1768 1478 :id
1783 1455 1955 1492 pugnam.

1048 1504 1095 1536 Et
1123 1499 1295 1546 quoniam
1319 1496 1437 1541 plures
1462 1505 1560 1529 extra
1582 1494 1766 1527 tumulum
1793 1500 1957 1537 prorum-

1046 1545 1203 1593 pebant,
1228 1542 1385 1576 hortatus
1411 1539 1512 1578 suos,
1541 1537 1581 1572 ad
1609 1549 1765 1585 pugnam
1792 1534 1958 1577 confligit

1044 1603 1130 1626 cum
1152 1588 1244 1625 hoste
1262 1611 1271 1620 .
1300 1588 1392 1621 Cum
1420 1596 1538 1620 autem
1564 1591 1779 1629 pugnaretur
1805 1582 1959 1617 acriter,

1045 1643 1224 1683 quantum
1247 1634 1325 1666 loco
1352 1632 1518 1677 angusto,
1548 1633 1577 1663 ὃ(
1600 1630 1709 1664 muris
1732 1626 1849 1661 cinno
1878 1623 1956 1658 fieri

1046 1688 1185 1726 poterat
1201 1700 1213 1716 ‚
1238 1676 1383 1712 tandem
1408 1679 1504 1711 circa
1528 1676 1637 1711 finem
1665 1672 1850 1707 confli'ftus
1874 1671 1955 1702 vio-

1047 1729 1160 1762 lenter
1181 1722 1320 1769 repressi
1346 1726 1493 1757 Romani
1523 1718 1747 1756 retrocedunt
1763 1741 1774 1756 ‚
1802 1718 1831 1750 δε
1848 1714 1955 1749 multi

1044 1784 1086 1806 ex
1113 1771 1187 1805 illis
1210 1771 1244 1802 in
1263 1767 1499 1802 Numidarum
1524 1776 1652 1802 manus
1678 1765 1755 1797 vivi
1772 1760 1956 1795 incidunt·

1046 1817 1155 1856 major
1182 1812 1265 1848 verb
1292 1824 1372 1858 pars
1396 1812 1535 1856 repressa
1564 1834 1575 1850 ‚
1610 1813 1633 1845 ὃ(
1662 1813 1697 1843 in
1726 1808 1845 1844 foffam
1873 1813 1960 1850 prae·

997 1845 1131 1907 Dceps
1145 1860 1225 1893 data
1239 1862 1346 1903 periit
1361 1882 1371 1892 .
1397 1858 1535 1893 Posthac
1551 1859 1665 1902 igitur
1680 1852 1837 1888 Annibal
1859 1849 1958 1891 :zbsq3

1049 1907 1254 1943 discrimine
1268 1906 1453 1938 civitatem
1468 1926 1480 1943 ‚
1505 1913 1547 1937 ut
1560 1910 1713 1947 coeperat
1728 1922 1738 1938 ‚
1753 1895 1957 1940 valloscom-

1046 1955 1171 1988 munit
1208 1973 1222 1989 ‚
1257 1952 1286 1983 &
1313 1952 1414 1984 rebus
1440 1961 1482 1984 ex
1506 1950 1619 1983 animi
1645 1944 1819 1979 sententia
1855 1942 1958 1987 gestis

1050 1997 1315 2044 tranquillitate
1342 1997 1478 2040 potitur
1505 2021 1515 2028 .
1543 1991 1666 2029 Hostes
1688 1993 1784 2024 enim
1807 1996 1954 2021 conclu-

1051 2043 1102 2078 sos
1126 2047 1220 2077 intra
1242 2053 1362 2076 muros
1386 2042 1456 2081 iam
1484 2052 1554 2074 non
1584 2037 1646 2073 sibi
1683 2045 1824 2069 tantum
1852 2055 1864 2071 ‚
1902 2029 1958 2064 led

1049 2093 1079 2124 &
1106 2091 1176 2122 arci
1200 2095 1400 2122 metuentes
1421 2109 1432 2124 ‚
1459 2097 1599 2121 manere
1625 2083 1741 2123 coegit
1766 2093 1776 2113 ·.
1804 2077 1958 2113 Civibus

1047 2133 1131 2170 vero
1159 2143 1301 2168 tantum
1329 2130 1463 2166 indidit
1489 2131 1629 2167 animi,
1653 2135 1693 2161 ut
1724 2125 1753 2159 le
1775 2127 1845 2166 iam
1865 2127 1955 2156 citra

1047 2176 1340 2223 Carthaginenses
1367 2198 1379 2214 v
1404 2177 1620 2221 illorumque
1646 2170 1795 2205 subsidia
1826 2173 1952 2204 Roma-

1051 2229 1107 2261 nis
1133 2224 1278 2259 resistere
1304 2220 1392 2268 pofl'e
1418 2231 1581 2267 putarent
1612 2243 1621 2252 .
1651 2215 1788 2251 Deinde
1813 2213 1956 2250 modico

1050 2269 1242 2306 interstitio
1266 2279 1283 2301 a
1299 2268 1394 2301 vallo
1413 2267 1537 2301 urbem
1561 2261 1680 2300 versus
1701 2261 1820 2295 :elisio
1835 2259 1955 2294 fossam

1051 2317 1202 2351 molitur
1225 2335 1239 2351 ,
1265 2313 1360 2347 vallo
1382 2323 1420 2345 ac
1446 2323 1549 2347 muro
1575 2310 1662 2343 arcis
1685 2304 1957 2350 corresponden-

1051 2372 1124 2396 tem
1140 2383 1150 2398 a
1178 2359 1269 2393 unde
1287 2361 1451 2404 pervices
1476 2356 1516 2391 ad
1532 2364 1676 2392 murum
1701 2352 1864 2385 civitatis
1878 2361 1959 2383 coa-

1052 2407 1209 2440 cervatio
1236 2404 1336 2439 fieret
1375 2428 1385 2437 .
1424 2407 1586 2438 Praeterea
1608 2402 1638 2433 ὅζ
1661 2398 1756 2432 vallo
1785 2395 1897 2430 adhuc
1923 2397 1955 2426 ei

1051 2452 1139 2487 fofl'ae
1161 2449 1326 2495 imposito
1355 2471 1367 2488 .,
1403 2450 1560 2493 contigit
1587 2456 1630 2480 ex
1653 2455 1691 2477 ea
1711 2442 1957 2477 munitionem

1051 2498 1126 2534 fieri
1149 2494 1238 2533 haud
1269 2501 1426 2530 multum
1455 2504 1559 2530 muro
1581 2488 1808 2525 inferiorem.
1835 2490 1959 2521 Praete-

1051 2555 1107 2579 rea
1129 2543 1222 2578 hanc
1245 2551 1387 2588 quoque
1408 2538 1546 2574 interne
1569 2532 1685 2570 versus
1698 2534 1955 2567 civitatemin-

1049 2588 1201 2624 terstitio
1224 2584 1509 2620 commensurate
1545 2580 1666 2617 reliffio
1689 2601 1699 2618 ‚
1720 2588 1864 2612 murum
1897 2587 1957 2609 ex-

1053 2644 1169 2669 truere
1197 2632 1400 2677 aggreditur
1428 2652 1439 2670 ‚
1475 2630 1566 2666 fano
1590 2627 1688 2660 illius
1712 2626 1821 2658 initio
1847 2621 1890 2656 ab
1914 2634 1954 2655 ea

1053 2687 1151 2727 parte
1170 2700 1183 2717 ,
1208 2688 1315 2724 quam
1342 2677 1567 2711 servatricem
1590 2678 1720 2707 vocant
1746 2690 1757 2707 ‚
1785 2664 1956 2717 usqueaead

1052 2737 1130 2759 eam
1153 2733 1230 2770 quae
1244 2720 1418 2769 profunda
1443 2719 1604 2755 dicitnr:
1632 2716 1675 2750 sic
1703 2723 1741 2749 ut
1764 2716 1870 2747 etiam
1887 2717 1958 2764 line

1052 2781 1238 2805 murorum
1264 2766 1414 2803 sublidio
1433 2767 1654 2802 munitiones
1686 2762 1756 2794 illae
1782 2758 1958 2809 stru-Sinti}

1051 2815 1119 2850 suis
1143 2813 1186 2848 ad
1205 2814 1273 2848 hoc
1299 2811 1497 2847 sufficerent
1522 2833 1533 2849 ‚
1559 2817 1602 2842 ut
1629 2805 1816 2840 Tarentini
1842 2802 1956 2836 secure

92 2857 175 2892 verb
200 2879 212 2896 2
235 2868 277 2893 ut
301 2859 374 2893 istis
399 2857 550 2893 subsidio
573 2857 680 2893 essent
706 2881 718 2897 2
743 2861 783 2894 in
808 2860 883 2893 acie
904 2859 1036 2898 deti-F
1054 2860 1256 2897 habitarent
1273 2883 1283 2892 .
1309 2857 1444 2892 Reli-Sto
1467 2859 1587 2901 iraque
1611 2862 1680 2885 una
1703 2859 1786 2883 cum
1808 2846 1955 2882 necessa-

92 2911 178 2938 net.
202 2903 296 2939 Cum
321 2913 439 2939 autem
465 2905 605 2943 multa,
630 2914 669 2938 ac
693 2907 791 2938 varia
813 2903 991 2950 suppellex

93 2959 136 2983 ex
156 2961 195 2984 ea
218 2950 420 2996 direptione
446 2949 604 2994 congesta
618 2949 722 2988 esset,
747 2947 956 2983 Tarentinis
981 2959 992 2986 3

90 2994 324 3029 commoditas
358 3004 536 3039 conceptae
563 2995 632 3041 spei
667 2992 877 3041 respondens
895 2959 992 3028 cesicl'-

90 3036 138 3072 set
154 3061 166 3078 ‚
192 3049 270 3073 tum
291 3040 434 3075 demum
461 3039 502 3074 ad
519 3052 614 3074 arma
640 3038 801 3075 adversus
817 3042 993 3074 Romanos

91 3094 343 3137 revertuntur.
368 3089 446 3121 Hoc
473 3083 546 3131 ipso
571 3095 727 3131 tempore
752 3084 916 3119 testatum
943 3096 995 3118 re-

95 3129 206 3174 liquit
232 3132 359 3164 Livius
384 3132 498 3167 multa
526 3133 667 3169 Romae,
692 3133 722 3165 &
748 3128 833 3164 foris
855 3131 931 3164 loca
949 3128 991 3163 de

96 3175 185 3208 coelo
209 3174 299 3209 tana
315 3188 325 3208 ε
341 3179 454 3210 Reatae
477 3175 598 3210 saxum
628 3178 752 3220 ingens
771 3176 920 3210 volitare
935 3176 991 3210 vi-

96 3216 171 3253 sum
199 3234 209 3254 2
243 3221 356 3255 Solem
382 3221 506 3256 rubore
530 3220 721 3265 sanguineo
748 3219 989 3266 persimilem:

98 3265 227 3316 fluibus
252 3268 424 3310 prodigiis
448 3266 489 3300 de
517 3278 613 3300 more
663 3267 834 3300 rocuratis
858 3291 871 3304 ‚
895 3275 995 3300 erant

95 3321 165 3350 lam
192 3311 284 3347 cofl'.
306 3314 344 3344 in
373 3313 596 3358 provinciam
621 3277 753 3345 abituri
770 3333 781 3348 ,
806 3322 918 3356 quum
943 3311 994 3344 al-

89 3353 206 3392 latum
227 3356 271 3391 est
307 3358 506 3391 Tarentum
544 3354 588 3389 ab
619 3354 799 3389 Annibale
825 3366 996 3402 captum,

99 3401 169 3452 1³9st
187 3401 443 3442 centesimum,
469 3410 510 3436 ut
536 3398 639 3435 refert
665 3400 892 3440 Plutarchus,
917 3411 996 3442 pro-

98 3453 139 3489 pe
163 3458 294 3481 annum
309 3470 321 3486 ‚
344 3458 388 3484 ex
409 3460 480 3495 quo
503 3450 541 3482 in
557 3448 798 3482 Romanorum
820 3443 996 3481 ditionem

101 3492 368 3542 potestatemque
388 3501 530 3530 venerat
545 3516 555 3527 .

1047 2908 1110 2945 riis
1136 2902 1203 2938 suis
1225 2902 1420 2938 sufficiente
1442 2905 1606 2942 equitum
1634 2894 1782 2930 lublidio
1798 2915 1809 2930 ‚
1835 2892 1876 2926 ad
1900 2893 1954 2924 ci-

1051 2952 1176 2989 vitatis
1202 2970 1212 2987 ‚
1239 2960 1277 2982 ac
1305 2950 1400 2983 muri
1426 2945 1616 2980 custodiam
1645 2940 1749 2975 castra
1772 2947 1956 2975 metatur,

1050 3001 1128 3034 loco
1145 2994 1189 3028 ab
1214 2994 1299 3026 urbe
1335 2992 1449 3026 stadiis
1485 2989 1717 3036 quadraginta
1739 2984 1886 3018 distante
1910 2981 1954 3016 ad

1049 3043 1225 3081 fluvium,
1253 3049 1357 3084 quem
1381 3036 1548 3072 nonnulli
1579 3035 1773 3068 Caluum,
1799 3029 1949 3074 plurimi

1047 3085 1130 3125 verb
1154 3088 1322 3119 Eurotam
1350 3092 1478 3117 vocant
1504 3102 1515 3118 ‚
1540 3077 1633 3126 quod
1661 3076 1888 3121 cognominis
1910 3071 1956 3106 ab

1048 3147 1088 3169 eo
1113 3132 1223 3168 fluvio
1251 3132 1387 3174 accepit
1411 3151 1423 3166 ‚
1456 3129 1517 3172 qui
1547 3122 1792 3159 lacedaemona
1815 3128 1955 3163 praeter-

1048 3181 1161 3216 fluens
1176 3199 1186 3214 ‚
1210 3177 1240 3208 δεῖ
1264 3173 1333 3220 ipse
1350 3178 1498 3208 Eurotas
1516 3178 1662 3204 vocatur
1678 3192 1687 3201 .
1714 3169 1803 3200 Sunt
1829 3173 1952 3198 autem

1050 3219 1249 3265 huiusmodi
1265 3221 1479 3263 cognomina
1497 3214 1704 3249 Tarentinis
1720 3222 1791 3246 tam
1808 3212 1843 3243 in
1857 3219 1954 3254 agro,

1051 3279 1159 3317 quarn
1184 3268 1222 3299 in
1243 3266 1389 3297 civitate
1411 3262 1525 3296 multa
1542 3285 1554 3301 ,
1580 3268 1760 3304 propterea
1783 3255 1877 3302 quod
1895 3265 1954 3287 co·-

1050 3315 1186 3350 ioniam
1212 3332 1223 3349 ‚
1251 3309 1338 3343 licut
1365 3318 1447 3342 ante
1469 3304 1628 3351 pluribus
1654 3302 1788 3337 diuum
1815 3301 1859 3334 est
1884 3321 1896 3337 ‚
1921 3303 1952 3332 δε

1051 3357 1302 3404 cognationem
1337 3366 1357 3389 a
1376 3348 1687 3389 Lacedaemonibus
1705 3346 1952 3384 indubitanter

1050 3409 1275 3449 acceperunt.

1846 3527 1906 3563 DE
