2404 3882
541 240 621 290 343'

871 233 1058 277 ΕΑΒ.
1113 229 1448 277 BARRII
1508 227 1945 271 FRANCIC.

2185 241 2267 281 344

483 331 607 367 scribit
624 340 635 362 t
673 326 706 362 δε
729 325 816 363 alibi
850 329 1110 364 Grumentinos
1145 331 1370 362 Lucanorum
1387 322 1604 368 Acupandis
1626 320 1794 356 subselliis
1819 319 2067 367 praeveniebatZ
2089 319 2163 367 Ipse
2185 321 2206 357 ἒ
2228 325 2322 371 Qj-

485 374 764 412 mediterraneos
791 372 906 413 dicit,
928 372 1020 420 quod
1047 373 1202 408 haecloca
1230 373 1382 408 Lucani,

484 429 527 454 ut
546 418 748 457 alibidixi‚
775 421 977 454 Samnitum
1002 418 1121 451 coloni
1149 417 1382 452 incoluerint.

482 465 561 501 Post
590 465 776 511 Lagariam
797 465 1049 512 Qerquarium
1072 461 1241 506 oppidum
1256 461 1298 495 est
1322 472 1383 493 ve-

484 510 620 552 tustum
648 532 659 548 ‚
688 510 776 544 olim
800 512 990 549 Arponmm
1010 507 1169 545 diuum,
1195 509 1293 541 cuius
1312 517 1385 539 me-

488 557 600 592 minit
624 553 802 590 Diodorus
826 554 961 588 Siculus
988 574 997 584 .
1028 550 1089 585 Sed
1112 564 1165 588 tan
1190 548 1384 594 {abgAuso-

484 603 559 639 niis
575 622 587 639 ‚
614 612 658 635 an
687 600 877 634 Peucentio
890 598 1038 631 Oenotri
1063 595 1189 637 fratre,
1213 598 1276 642 qui
1293 596 1382 630 hanc

486 658 591 683 oram
615 646 760 683 tenuit,
780 656 825 678 an
853 640 871 675 ὲ
900 640 1109 679 Philotam,
1133 654 1174 676 an
1200 641 1217 675 a
1233 641 1384 676 Phocen-

483 691 577 729 fibus
590 713 603 731 ‚
626 691 688 735 qui
702 691 732 723 &
748 691 786 722 in
803 687 867 722 hac
881 698 937 720 ora
951 688 981 719 Sc
999 688 1034 719 in
1057 687 1190 731 reliqua
1205 685 1382 723 Calabria,

485 747 527 772 ut
539 735 669 771 ostendi
683 756 694 772 -,
709 731 837 779 oppida
852 728 1087 765 condiderunt
1101 753 1110 769 ,
1126 731 1312 766 conditum
1326 729 1381 768 sit,

483 787 712 827 compertum
734 789 805 812 non
823 775 935 811 'nabeo
951 773 1095 809 ‚Abesta
1108 778 1266 821 Lagaria
1280 787 1330 808 m.
1348 786 1383 820 p.

485 834 664 874 quatuor,
696 834 714 856 a
739 820 829 856 Cosa
853 820 930 854 osio
958 846 969 855 .

481 873 584 909 saxea
622 867 775 914 quadam
818 875 940 912 crypta
966 888 977 905 ‚
1016 878 1091 910 quae
1128 867 1171 901 est
1211 869 1249 899 in
1271 864 1383 899 radice

481 919 586 953 Silari
612 914 746 949 montis
775 916 787 951 ‚'
815 911 973 946 Caldana
1000 911 1132 946 fluvius
1157 914 1294 947 oritur,
1317 910 1386 954 Cy-

483 964 535 1000 ris
561 960 649 994 olim
674 957 814 996 dfflus,
841 960 944 991 cuius
968 959 1138 991 meminit
1159 955 1384 1003 Lycophron‚

481 1008 589 1044 huius
614 1014 703 1050 aqua
738 1001 885 1038 sulfurea
911 1002 955 1036 est
982 1027 991 1037 .
1031 1004 1072 1037 In
1098 1004 1162 1037 hoc
1189 1002 1383 1046 Arponiate

488 1063 573 1098 agro
597 1048 786 1096 goffipium
810 1047 851 1083 fit
872 1049 902 1082 δι
927 1048 1058 1083 Sesama
1082 1069 1093 1086 ‚
1130 1049 1263 1082 Crocus
1285 1067 1296 1083 ‚
1323 1056 1386 1079 na-

483 1098 631 1135 scuntur
669 1104 834 1140 cappares
859 1115 870 1132 ‚
908 1091 1001 1129 fiunt
1036 1096 1066 1127 ὃς
1102 1091 1248 1139 speSiata
1273 1094 1380 1127 vina,

483 1143 642 1181 :nascitur
669 1142 699 1174 &
730 1138 777 1174 sal
802 1137 913 1173 foffile
945 1161 953 1172 .
991 1141 1033 1173 In
1067 1138 1251 1173 montibus
1283 1136 1381 1171 filve-

483 1190 566 1226 stria
593 1184 764 1221 animalia
801 1182 1024 1219 stabulantur
1044 1193 1084 1218 ut
1108 1185 1183 1223 apri
1208 1205 1219 1221 ‚
1256 1183 1378 1220 cervi,

481 1244 638 1280 capreae‚
663 1233 694 1265 δε
713 1232 804 1269 alia,
827 1240 901 1275 quae
922 1227 1005 1275 saepe
1033 1233 1069 1264 in
1098 1229 1291 1275 Apennino
1311 1227 1380 1260 Ca-

483 1280 605 1317 labriae
626 1276 689 1312 effe
723 1274 881 1310 diximus
906 1294 917 1312 ‚
957 1275 1049 1310 unde
1077 1276 1197 1308 uberes
1222 1274 1382 1307 venatio-

484 1338 549 1362 nes
572 1323 663 1359 fiunt
684 1333 694 1354 ε
720 1328 915 1366 congerunt
944 1321 974 1353 δι
999 1320 1196 1365 accipitres.
1223 1316 1277 1353 Ad
1295 1317 1420 1364 duosC

482 1369 619 1417 lapides
649 1369 836 1402 Saracenus
862 1363 992 1399 fluvius
1013 1364 1143 1399 labitur
1167 1385 1179 1402 ‚
1206 1377 1224 1398 a
1246 1375 1317 1408 quo
1338 1361 1379 1396 ad

485 1411 683 1452 secundum
709 1409 859 1457 lapidem
886 1410 1117 1454 Trebrjs'atium
1147 1409 1320 1452 oppidum
1334 1407 1379 1441 est

487 1458 664 1498 vetustum
683 1479 695 1497 ‚
723 1468 741 1491 a
766 1457 929 1491 Peucetio
953 1465 1013 1489 aut
1038 1467 1056 1489 a
1082 1454 1268 1489 Philoffiete
1295 1464 1379 1487 con-

485 1506 630 1540 ditum,
657 1501 749 1536 haud
776 1500 897 1545 procul
923 1513 940 1535 a
963 1502 1051 1534 mari
1076 1499 1172 1533 edito
1193 1499 1270 1533 loco
1291 1519 1302 1537 ‚
1323 1499 1378 1532 Vi-

484 1548 669 1594 cenfimum
702 1547 889 1581 Antonino
917 1547 978 1581 Pio
1010 1548 1047 1579 in
1076 1546 1287 1583 Itinerari0‚
1313 1545 1376 1589 qui

482 1592 582 1632 illud
617 1595 710 1627 inter
751 1591 956 1626 Heracleam
993 1593 1023 1625 δε
1060 1592 1217 1625 Thurios
1252 1593 1379 1634 ponit,

486 1641 682 1684 distareque
717 1635 805 1670 dicit
841 1648 859 1670 a
896 1637 1043 1671 Thuriis
1077 1648 1127 1669 m.
1160 1646 1195 1681 p.
1220 1634 1309 1668 XX.
1336 1632 1381 1667 ab

485 1686 660 1723 Heraclea
696 1683 856 1717 XXIIII.
891 1682 949 1716 hic
985 1681 1079 1716 fiunt
1107 1690 1209 1724 opera
1233 1678 1382 1725 figlina.

484 1735 530 1768 ln
553 1731 620 1765 hoc
647 1739 731 1776 agro
758 1725 799 1762 fit
828 1729 960 1762 Crocus
980 1749 991 1766 ‚
1019 1727 1050 1760 δε
1072 1724 1260 1805 goffipium
1286 1746 1299 1764 ‚
1323 1737 1386 1760 na-

486 1776 638 1815 scuntur
679 1784 843 1819 cappares
866 1794 877 1811 ‚
911 1775 941 1806 Sc
978 1772 1121 1818 pinastri
1178 1779 1385 1816 requentes.

1441 368 1545 404 rinali
1571 365 1652 412 saepe
1689 365 1777 400 solus
1800 366 1967 401 laternam
1991 366 2172 410 praeferens
2196 368 2237 402 ad
2263 381 2323 416 gy-

1439 411 1611 449 mnnsium
1633 410 1916 455 proficiscebatur
1942 423 1951 444 z
1976 413 2038 456 qui
2066 412 2151 446 licet
2174 415 2211 447 in
2236 406 2323 458 quo-

1440 458 1577 493 tidiano
1608 455 1761 490 sermone
1788 456 1981 490 balbutiret
2006 477 2018 493 ‚
2054 459 2182 492 Latine
2206 467 2325 494 tamen

1440 505 1573 550 optime
1601 502 1632 534 δε
1654 501 1828 545 eleganter
1851 500 2069 541 loquebatur.
2109 502 2232 537 Miffus
2256 502 2326 539 fuit

1439 561 1457 584 a
1485 551 1584 582 Rom.
1611 550 1711 581 Pont.
1735 547 1771 578 in
1795 548 2024 580 Germaniam
2047 568 2059 585 ‚
2094 557 2135 580 ut
2167 557 2327 583 veterum

1438 593 1619 628 auSiorum
1648 589 1756 624 libros
1793 593 2007 636 perquireret
2033 614 2044 630 ‚
2081 592 2172 626 unde
2197 593 2329 627 multos

1439 643 1588 674 Romam
1619 635 1773 669 advexit.
1802 637 1880 668 Fuit
1904 638 1977 668 vita
2003 639 2139 681 integer
2161 649 2171 670 2
2196 636 2330 684 scripsit

1438 681 1691 728 compendium
1721 682 1959 726 grammaticae
1985 685 2084 725 gravi
2119 681 2202 728 stylo
2228 695 2331 728 peru-

1439 729 1504 763 tile
1531 726 1664 760 adultis
1689 747 1701 764 ‚
1741 728 1771 760 &
1790 726 1953 759 omnium
1979 726 2150 762 Caesarum
2175 730 2267 761 vitas
2289 727 2331 762 ad

1439 773 1534 808 suam
1560 770 1670 817 usque
1710 771 1916 807 memoriam
1943 771 1981 804 in
2009 772 2259 816 compendium
2283 781 2335 807 re:

1006 822 1109 855 quta
1147 819 1317 867 oppidum
1344 818 1535 863 edeegit
1559 829 1566 850 :
1610 816 1740 862 scripsit
1764 820 1795 850 ὅτ
1815 815 1856 848 de
1887 817 2125 851 Romanorum
2150 818 2330 862 magistra-

1443 863 1562 901 tibus,
1588 866 1617 897 δε
1643 862 1684 895 de
1710 860 1936 899 sacerdotiis,
1959 860 2040 895 &de
2063 863 2157 909 Juris
2183 864 2330 908 peritis,

1442 911 1472 944 &
1496 908 1536 942 de
1563 906 1712 954 legibus.
1741 907 1823 952 Egit
1861 908 2017 941 animam
2041 906 2332 952 septuagesimum

1442 965 1578 989 annum
1604 964 1720 998 agens.
1758 952 1880 986 Elatus
1904 949 1975 986 fuit
2001 951 2203 987 auditorum
2228 954 2332 986 nobi-

1441 1001 1531 1034 lium
1557 1000 1624 1042 piis
1644 997 1800 1032 humeris
1829 1017 1840 1033 a
1877 1000 2070 1032 comitante
2092 996 2200 1032 funus
2232 998 2334 1032 Alex.

1442 1049 1547 1080 Pont.
1569 1052 1760 1090 purpurata
1787 1039 1922 1075 familia
1937 1063 1948 1079 ‚
1975 1054 2014 1077 ac
2040 1043 2173 1077 Martio
2196 1053 2331 1077 oratore

1441 1088 1605 1124 laudante
1632 1113 1640 1122 .
1682 1087 1856 1121 Tumulus
1894 1088 2021 1122 multis
2044 1088 2168 1133 elogiis
2190 1097 2333 1123 ornatus

1439 1135 1496 1170 est.
1524 1134 1673 1170 Pontani
1700 1136 1916 1179 epigramma
1944 1132 1979 1165 id
2003 1132 2061 1168 est:

1437 1228 1594 1273 Pomponi
1607 1224 1673 1260 tibi
1684 1234 1742 1272 pro
1756 1224 1890 1259 tumulo
1896 1221 1944 1266 fit
1960 1222 2077 1259 laurea
2083 1223 2172 1269 filva
2184 1248 2196 1265 ‚

1485 1274 1553 1320 OJJa
1564 1273 1675 1306 maris
1687 1282 1774 1304 rores
1790 1291 1801 1308 -,
1814 1267 2034 1315 myrrheaque
2047 1271 2170 1305 umbra
2189 1278 2317 1317 tegant.

1440 1320 1547 1359 Teque
1563 1325 1678 1359 tegant
1692 1338 1703 1355 ‚
1718 1317 1875 1362 artusque
1886 1323 1960 1348 tuos
1969 1317 2131 1363 violaeque
2146 1320 2288 1361 rosaeque

1482 1366 1540 1398 Ver
1554 1362 1671 1396 habeat
1685 1383 1696 1400 ‚
1711 1359 1984 1403 zephirosspiret
1997 1361 2039 1397 «ἓν
2053 1362 2117 1407 ipse
2129 1365 2230 1396 cinis.

1436 1409 1554 1442 Stillet
1567 1408 1610 1444 &-
1623 1410 1634 1440 i
1637 1408 1686 1451 pfie
1701 1407 1785 1439 cinis
1799 1416 1871 1452 qua
1885 1406 1928 1442 &-
1943 1409 2116 1451 Parnastus
2129 1408 2172 1444 ὡν
2185 1416 2289 1442 antra

1485 1453 1620 1498 Thespia
1634 1452 1676 1488 εῖν
1689 1456 1702 1486 i
1703 1452 1758 1497 pfi1
1764 1449 1847 1492 suas
1860 1452 1968 1495 Ascra
1984 1447 2159 1494 min'istrat
2172 1464 2296 1499 aquas.

1436 1542 1492 1579 Ab
1518 1541 1765 1589 Amygdalaria
1789 1554 1838 1576 m.
1854 1544 2064 1589 p.‘quatuor
2092 1544 2245 1586 Rosetum
2277 1550 2340 1593 opi

1465 1587 1564 1624 idum
1587 1590 1631 1624 est
1656 1588 1746 1623 haud
1773 1589 1894 1633 procul
1917 1588 1934 1623 ἒι
1963 1586 2052 1622 freto
2080 1610 2093 1628 ‚
2129 1592 2228 1624 cuius
2254 1602 2336 1637 aget

1455 1634 1585 1681 rugifer
1613 1634 1656 1669 est
1682 1656 1693 1673 ,
1731 1635 1767 1667 in
1793 1645 1862 1679 quo
1886 1636 2020 1669 Crocus
2054 1636 2163 1669 etiarn
2189 1633 2230 1670 fit
2258 1657 2270 1674 ‚
2302 1638 2334 1672 δι

1441 1679 1707 1726 amygdalarum
1745 1682 1878 1725 copia,
1918 1676 2108 1714 nascuntur
2146 1691 2338 1725 cappares,

1442 1725 1537 1762 fiunt
1562 1728 1647 1760 vina
1684 1728 1716 1760 δε
1742 1726 1814 1758 olea
1850 1725 1986 1760 nobilia
2011 1747 2022 1757 .
2062 1724 2132 1759 Post
2172 1724 2336 1762 Rosetum

1444 1770 1639 1807 Acalander
1665 1772 1793 1806 fluvius
1819 1770 1955 1805 labitur
1981 1791 1994 1808 ‚
2033 1772 2096 1815 qui
2123 1771 2211 1805 olim
2239 1773 2338 1807 Thu«.

483 1827 592 1867 Supra
623 1820 668 1855 est
696 1817 880 1853 Levidonia
901 1818 1075 1864 oppidum
1099 1838 1110 1854 ‚
1133 1818 1164 1851 δι
1191 1815 1307 1862 ipsum
1321 1828 1428 1874 ve-D
1445 1819 1578 1852 riorum
1597 1819 1627 1850 δε
1651 1818 1926 1850 Tarentinorum
1951 1825 2075 1861 agrum
2116 1814 2337 1852 distermina-

484 1868 618 1903 tustum
645 1886 655 1904 ‚
690 1866 877 1900 Leutarnia
910 1866 997 1897 olim
1036 1861 1170 1897 dietum
1193 1881 1205 1900 ‚
1239 1860 1340 1896 distat
1363 1873 1381 1895 a

488 1910 683 1947 Vicenfino
706 1921 755 1944 m.
778 1919 813 1952 p.
837 1918 1014 1955 quatuor,
1042 1918 1060 1941 a
1085 1909 1176 1943 mari
1206 1908 1354 1942 totidem
1371 1928 1382 1946 ‚

482 1960 589 1992 'cuius
614 1957 781 1991 meminit
804 1955 1010 2001 Lycophron
1039 1955 1077 1987 in
1104 1956 1203 1988 Alex.
1227 1952 1290 1987 ubi
1317 1955 1380 1988 ait:

487 2003 595 2040 Multi
632 2013 711 2035 vero
743 2002 856 2044 Syrim
882 2003 972 2033 circa
998 1997 1040 2035 ὠ*
1064 2000 1291 2032 Leutarniam
1312 2007 1381 2032 ter-

487 2059 568 2083 ram
605 2044 806 2080 habitabunt
832 2070 841 2079 .
878 2049 983 2088 Super
1010 2044 1140 2091 quibus
1166 2044 1283 2078 verbis
1314 2044 1378 2078 lsa-

487 2096 567 2128 cius
589 2095 638 2127 ait
672 2103 681 2124 ι
719 2093 809 2138 Syris
827 2090 872 2127 &-
897 2093 1084 2124 Leutarztia
1110 2092 1273 2124 civitates
1292 2089 1378 2132 fitnt

489 2137 654 2181 &fluvii
682 2137 789 2171 Italiae
813 2157 825 2175 ‚
865 2147 950 2182 quas
987 2134 1199 2169 incoluerunt
1229 2137 1378 2179 reliquiae

488 2185 715 2217 Troianorum
738 2202 747 2221 ,
779 2186 839 2222 qui
862 2194 901 2215 ex
920 2180 990 2222 :llio
1017 2178 1191 2219 evaserunt
1204 2181 1377 2227 fugientes

489 2233 528 2264 in
554 2229 693 2262 Italiam
721 2252 730 2261 .
770 2231 830 2261 Per
862 2228 932 2261 haec
955 2227 1028 2260 loca
1056 2224 1246 2261 Podalirius
1281 2224 1377 2261 filius

488 2272 678 2318 AEsculapii
699 2284 818 2319 pugno
841 2272 883 2306 ab
908 2272 1062 2307 Hercule
1088 2269 1292 2306 interfetffius
1316 2269 1375 2307 est,

491 2324 523 2355 δέ
561 2320 713 2365 sepultus
749 2329 853 2365 prope
889 2316 1086 2364 sepulcrum
1120 2316 1419 2378 ChalcanthisaE

489 2374 531 2400 ut
553 2364 759 2411 Lycophron
789 2367 818 2397 ὃς
849 2362 973 2398 isacius
999 2364 1115 2396 aiunt.
1145 2361 1275 2397 Adfuit
1299 2373 1382 2408 prae-

488 2411 565 2446 sens
599 2410 792 2445 Podalerius
831 2408 924 2443 bello
961 2409 1116 2442 Troiano
1154 2419 1237 2442 cum
1276 2406 1381 2442 fratre

489 2455 687 2493 Machaone
726 2467 736 2494 3
771 2454 1017 2499 duxeruntque
1055 2455 1169 2487 Naves
1206 2454 1381 2499 triginta,

490 2511 534 2535 nt
562 2500 673 2535 Diffis
697 2498 870 2534 Cretenfis
897 2498 1023 2533 refert.
1061 2497 1322 2533 Levidoniensis
1349 2508 1385 2530 a-

491 2559 552 2593 ger
578 2544 750 2580 frumenti
776 2549 804 2578 δέ
833 2545 983 2579 aliarum
1019 2542 1164 2588 frugum
1193 2542 1287 2578 ferax
1312 2542 1382 2579 est,

489 2596 584 2628 §ecus
610 2591 714 2624 littus
730 2590 872 2636 pinastri
887 2589 1084 2635 frequentes
1108 2587 1309 2623 nascuntur.
1340 2589 1382 2621 ln

492 2639 559 2675 hoc
578 2645 658 2680 agro
685 2637 813 2679 legitur
836 2646 964 2668 manna
989 2655 1000 2672 ‚
1036 2634 1229 2668 nascuntur
1258 2642 1383 2679 cappa-

490 2694 569 2721 1es‚
597 2681 638 2716 fit
664 2684 694 2715 Sc
721 2680 985 2726 amygdalarum
1012 2681 1139 2725 copia.
1181 2676 1316 2713 Exinde
1338 2676 1383 2711 est

491 2727 738 2773 Amygdalaria
774 2725 944 2771 oppidum
976 2746 988 2763 ‚
1025 2724 1114 2759 abest
1136 2737 1154 2759 a
1179 2721 1382 2758 Trebesatio

491 2775 592 2810 mille
603 2771 685 2820 paff.
703 2794 714 2811 ‚
740 2775 829 2807 mari
846 2770 1002 2810 duobus,
1029 2769 1273 2814 Heracleopolis
1295 2770 1380 2803 olim

491 2820 625 2854 dieium
650 2841 659 2851 .
696 2816 818 2852 Strabo
850 2819 945 2852 enim
983 2819 1033 2851 ait
1059 2828 1068 2848 ·.
1095 2816 1163 2860 Post

1200 2816 1380 2859 Lagariam
1443 2815 1499 2851 Est
1526 2817 1557 2848 δε
1579 2813 1774 2857 castr-egium
1804 2815 1904 2848 vicus
1937 2838 1948 2848 .

1441 1862 1521 1900 bat,
1545 1871 1586 1897 ut
1612 1864 1650 1896 in
1675 1860 1840 1895 Strabone
1863 1860 1981 1895 videre
2007 1861 2115 1895 licet:
2139 1861 2215 1902 Qui
2239 1862 2336 1898 libro

1439 1907 1534 1942 sexto
1563 1906 1604 1940 de
1623 1906 1724 1941 Alex.
1754 1909 1980 1948 Epirotarum
2007 1917 2085 1950 rege
2109 1906 2254 1950 loquens
2269 1909 2338 1943 aitz'

1438 1952 1630 1988 Alexander
1642 1952 1818 1998 publicum
1834 1954 2029 1986 Graecorum
2042 1960 2246 1984 conventum
2259 1958 2340 1987 tra-¹

1437 1998 1505 2033 flur
1532 1998 1628 2034 illius
1670 1998 1933 2031 Tarentinorum
1960 1997 2148 2040 compulsus
2182 1996 2255 2031 odio
2291 2000 2338 2035 ad
2392 2018 2394 2044 l

1437 2046 1466 2076 T
1468 2041 1643 2076 hur-iorum
1664 2054 1784 2085 agrum
1802 2043 1982 2076 traducere
2010 2050 2149 2075 conatm
2171 2042 2232 2085 est,
2254 2052 2336 2078 cum
2392 2046 2401 2064 Ἠ

1435 2092 1471 2124 in
1498 2089 1661 2123 Herculea
1683 2082 1872 2121 Tarentinae
1900 2087 2035 2121 telluris
2062 2087 2127 2121 aede
2154 2089 2256 2122 illum
2285 2101 2336 2123 ce.

1436 2133 1559 2168 lebrari
1585 2145 1654 2168 mos
1687 2143 1762 2167 erat
1793 2154 1805 2172 ‚
1834 2131 1927 2174 iubet
1961 2131 2006 2166 ad
2026 2131 2265 2168 Acalandrum
2299 2148 2336 2169 a-

1436 2189 1548 2214 mnem
1563 2183 1671 2217 locum
1687 2179 1847 2223 :edificari
1859 2199 1871 2216 ‚
1894 2177 1953 2212 ubi
1967 2177 2252 2222 conciliaforent.
2276 2183 2337 2214 Su·
2357 2215 2359 2217 ,
2399 2188 2401 2197 '

1436 2238 1497 2272 pra
1528 2226 1678 2260 Boletum
1705 2224 1874 2269 oppidum
1900 2224 1945 2258 est.
1975 2245 1987 2262 ‚
2025 2222 2125 2259 distat
2164 2222 2181 2257 ὲ
2206 2224 2331 2260 Roseto

1434 2283 1484 2306 m.
1509 2282 1544 2318 p.
1566 2270 1632 2311 iiij.
1659 2271 1695 2304 in
1721 2272 1822 2303 cuius
1862 2280 1948 2313 agro
1980 2266 2169 2313 goffipium
2197 2268 2239 2305 fit
2264 2293 2276 2310 ‚
2301 2274 2335 2306 δε

1434 2327 1554 2352 crocus
1579 2337 1591 2355 ‚
1612 2319 1641 2350 ὃς
1669 2315 1735 2349 0Ιεί
1760 2317 1860 2360 copia
1889 2338 1899 2348 .
1936 2314 2020 2349 Inde
2048 2313 2099 2347 est
2134 2318 2249 2354 Canna
2275 2328 2333 2352 ca-

1441 2363 1545 2397 strum
1581 2373 1664 2396 cum
1693 2359 1858 2406 generoso
1881 2362 1966 2394 vino
1991 2380 2002 2398 ‚
2038 2360 2069 2392 δε
2094 2362 2224 2406 optimi
2260 2364 2331 2396 olei

1440 2410 1565 2453 copia,
1592 2406 1633 2442 fit
1664 2409 1694 2440 ὃς
1719 2407 1851 2439 Crocus
1875 2427 1887 2444 ‚
1921 2405 1965 2441 est
2004 2406 2034 2438 δε
2056 2415 2136 2449 ager
2171 2406 2230 2441 hic
2261 2406 2335 2442 sru-

1440 2456 1555 2490 menti
1585 2451 1679 2487 ferax
1706 2472 1714 2481 ·
1740 2453 1846 2495 Supra
1869 2453 2008 2486 Cannas
2035 2449 2076 2485 ad
2101 2462 2214 2486 unum
2240 2453 2332 2499 lapi-

1439 2500 1520 2534 dem
1544 2498 1681 2532 Nacara
1702 2497 1874 2542 oppidum
1899 2498 1942 2531 est
1963 2499 2000 2530 in
2016 2499 2117 2529 cuius
2138 2508 2220 2541 agro
2246 2501 2333 2532 vina

1440 2542 1600 2590 generosa
1626 2540 1816 2577 nascuntur
1841 2564 1852 2580 ‚
1886 2541 1966 2577 sunt
1995 2543 2026 2575 Sc
2059 2544 2219 2586 pecuaria
2255 2543 2334 2589 pul-

1442 2591 1524 2624 chra
1551 2614 1560 2623 .
1597 2587 1680 2623 Inde
1706 2588 1749 2621 est
1787 2587 1922 2621 Riolum
1959 2588 2129 2632 oppidum
2156 2586 2254 2633 supra
2280 2586 2332 2621 sa-

1441 2646 1526 2670 xum
1539 2634 1669 2670 humili
1686 2633 1784 2670 loco,
1805 2636 1861 2666 cui
1876 2635 2209 2667 circumimminent
2229 2645 2331 2667 mon-

1440 2689 1490 2714 tes
1505 2701 1516 2717 ,
1543 2678 1630 2714 abest
1658 2677 1701 2711 ab
1728 2677 1974 2722 Amygdalaria
1996 2691 2046 2713 m.
2062 2689 2097 2724 p.
2117 2676 2193 2711 osto
2221 2676 2330 2713 ama-

1440 2727 1467 2759 ri
1495 2724 1668 2762 totidem3
1692 2724 1794 2756 cuius
1816 2733 1893 2768 ager
1918 2721 2065 2769 frug-iser
2098 2722 2142 2756 est
2159 2743 2170 2760 2
2197 2725 2233 2757 in
2257 2733 2335 2769 quo
2390 2716 2391 2719 ¹

1439 2769 1628 2816 speSiatum
1656 2770 1781 2801 vinum
1801 2768 1958 2804 nascitur
1972 2790 1983 2807 ‚
2002 2767 2044 2803 fit
2070 2769 2102 2801 <Sc
2125 2767 2327 2813 goffipium.

492 2862 735 2911 Heracleopolis
749 2863 790 2906 est
806 2860 910 2907 supra
923 2873 1016 2896 mare
1039 2863 1229 2907 paululum.
1253 2863 1293 2895 In
1318 2861 1384 2895 hoc
1398 2846 1430 2886 F
1444 2859 1568 2907 pidum
1590 2859 1684 2893 edito
1706 2860 1785 2891 loco
1801 2879 1813 2896 ‚
1839 2858 1942 2893 distat
1968 2857 1986 2892 ὲ
2010 2859 2098 2893 mari
2125 2869 2220 2903 m.p.
2241 2869 2331 2905 qua-

492 2921 575 2954 agro
598 2912 680 2945 vina
706 2930 716 2946 ‚
749 2912 778 2943 δε
802 2908 875 2941 olea
903 2908 1062 2952 generosa
1091 2905 1280 2940 nascuntur
1305 2928 1316 2944 ‚
1354 2905 1384 2938 Ec

491 2966 674 3000 cappares,
699 2953 738 2988 fit
766 2952 1157 2996 Crocus‘j‚aniiium‚&
1183 2953 1383 2986 cuminum.

496 3003 549 3036 Ex
580 3002 642 3035 hoc
671 2999 799 3045 oppido
841 2996 909 3033 fuit
946 3001 1145 3039 Pomponius
1177 2999 1292 3031 Latus
1329 3000 1384 3031 vit

496 3048 637 3080 Latinis
665 3046 777 3079 literis
809 3042 961 3089 impense
988 3043 1143 3077 eruditus
1171 3055 1181 3082 3
1223 3043 1303 3076 licet
1331 3045 1384 3076 Io—

493 3093 571 3123 vius
597 3090 749 3124 Calabrae
779 3091 897 3134 gloriae
922 3111 933 3127 ‚
968 3087 1055 3124 sicut
1091 3090 1121 3122 &
1161 3088 1221 3122 alii
1249 3087 1383 3125 multi,

495 3133 659 3169 invidens
684 3156 695 3173 ‚
740 3137 854 3181 ipsum
891 3135 980 3180 apud
1009 3136 1165 3168 Picentes
1199 3144 1240 3166 ex
1276 3133 1383 3167 Saler-

492 3183 620 3215 nitano
655 3183 811 3226 principe
859 3190 978 3214 ortum
1024 3181 1221 3212 mentiatur
1259 3201 1267 3209 .
1313 3178 1381 3211 Vi-

495 3227 574 3269 guit
595 3228 707 3258 Romae
736 3225 827 3258 Pauli
846 3223 987 3259 secundi
1003 3246 1014 3264 ‚
1043 3224 1134 3258 Xisti
1156 3223 1298 3269 quarti,
1324 3226 1381 3257 ln·

497 3272 656 3305 nocentii
683 3270 818 3308 efflavi,
844 3271 873 3302 ὃ(
900 3272 999 3304 Alex.
1025 3269 1110 3303 sexti
1138 3267 1379 3313 temporibus,

498 3317 529 3350 &
557 3315 700 3349 Latinas
727 3317 841 3348 literas
864 3315 1003 3359 publice
1038 3325 1164 3359 magna
1196 3312 1381 3346 auetorita-

496 3369 532 3396 te
559 3382 569 3399 ,
609 3361 638 3391 Sc
664 3359 864 3394 auditorum
900 3358 1097 3404 frequentia
1122 3360 1238 3405 plures
1270 3369 1380 3392 annos

497 3405 543 3439 est
569 3401 744 3451 profefl'us.
783 3404 993 3449 Crepusculo
1018 3403 1131 3449 ipsum
1156 3403 1383 3449 profitentem

499 3455 658 3488 Romana
690 3451 858 3485 iuventus
889 3450 962 3493 post
998 3450 1223 3494 gallicinium
1253 3459 1381 3494 praeocf

1443 2904 1638 2941 tuordecim
1655 2926 1666 2943 ‚
1693 2916 1710 2937 a
1735 2904 1837 2938 Riolo
1860 2903 1935 2938 οὲὶο
1958 2928 1967 2937 .
1989 2906 2073 2938 Eius
2094 2913 2173 2946 ager
2200 2903 2329 2938 fertilis
2361 2941 2364 2948 ¹
2398 2935 2400 2946 ,

1442 2951 1486 2985 est
1512 2972 1523 2989 ‚
1543 2948 1637 2984 fiunt
1663 2952 1694 2983 ὃς
1720 2950 1804 2983 vina
1832 2947 2046 2983 nobiliffima
2074 2970 2085 2986 ‚
2111 2951 2141 2981 ὅ(
2165 2950 2296 2983 Crocus
2314 2969 2328 2987 ‚

1440 2993 1630 3030 nascuntur
1658 3005 1819 3040 cappares
1841 3014 1852 3032 ‚
1879 2996 1909 3027 &
1933 2995 2170 3028 antimonium
2189 3016 2199 3033 ,
2227 2997 2255 3028 Sc
2283 2992 2327 3035 fig

1442 3041 1521 3079 lex,
1545 3042 1672 3084 legitur
1697 3051 1827 3073 manna
1852 3059 1864 3076 ‚
1888 3037 2064 3074 exciditur
2088 3049 2145 3073 cos
2170 3040 2327 3086 aquaria,

1442 3088 1472 3120 &
1499 3088 1586 3133 lapis
1618 3085 1764 3119 molaris
1798 3083 2049 3118 frumentarius
2085 3085 2116 3117 &
2138 3086 2287 3119 olearius
2311 3103 2325 3122 ‚

1437 3131 1516 3165 sunt
1545 3135 1573 3165 δε
1598 3130 1767 3164 castaneta
1797 3151 1809 3168 ‚
1834 3131 1865 3162 ὃς
1887 3127 1986 3174 sylvae
2018 3128 2215 3174 glandiferae
2239 3141 2324 3174 por-

1436 3179 1485 3210 cis
1507 3174 1642 3210 alendis
1668 3173 1857 3208 commodae
1886 3195 1898 3213 ‚
1924 3187 1998 3219 quae
2033 3177 2063 3207 &
2085 3174 2250 3219 gregibus
2271 3186 2328 3208 ar-

1434 3220 1630 3266 mentisque
1657 3220 1761 3253 ubera
1783 3218 1913 3264 pabula
1942 3218 2131 3265 suggerunt
2157 3232 2168 3260 5
2193 3220 2272 3254 sunt
2292 3220 2326 3252 δε

1435 3268 1559 3312 l'ylvae‚
1586 3277 1660 3310 quae
1681 3263 1722 3298 ad
1747 3263 1932 3299 domorum
1956 3268 2078 3309 tigna,
2101 3267 2131 3298 ὅ(
2157 3263 2198 3299 ad
2225 3265 2325 3298 navi-

1436 3316 1575 3357 giorum
1593 3310 1759 3345 fabricam
1791 3312 1976 3344 materiam
1992 3309 2130 3342 uberem
2150 3308 2325 3357 praestant,

1437 3357 1499 3390 ubi
1523 3355 1694 3403 sylvestria
1732 3356 1902 3389 animalia
1934 3354 2147 3389 stabulantur
2170 3377 2181 3393 ·,
2216 3364 2323 3399 quare

1438 3406 1468 3436 &
1495 3403 1698 3436 venationes
1735 3399 1828 3434 fiunt
1859 3399 1978 3433 uberes
2011 3421 2023 3438 -,
2070 3407 2265 3444 congerunt
2289 3399 2323 3430 δε

1436 3450 1620 3493 accipitres
1641 3445 1857 3491 multigeni9
1874 3448 1960 3480 Sunt
1982 3447 2020 3480 in
2044 3444 2111 3479 hoc
2134 3457 2215 3492 agro
2242 3444 2320 3487 pagi

2209 3491 2280 3523 cer-

1982 2816 2085 2847 Intus
2109 2812 2152 2846 est
2173 2815 2246 2847 Noa
2269 2816 2335 2858 op·¹
