2404 3882
538 269 618 309 503
959 250 1377 296 IOANNIS

1459 249 1867 297 IVVENJS
2200 265 2285 305 504

450 350 538 385 duvn
563 373 575 388 ‚
607 353 637 384 Sc
660 344 831 396 quicquid
854 347 1055 393 gereretur,
1079 349 1230 383 initium
1253 345 1455 388 abilloAP
1482 348 1518 381 H
1541 350 1555 380 1
1577 349 1603 380 L
1629 351 1654 381 O
1679 349 1718 383 M
1739 353 1764 384 Ε
1792 349 1827 382 N
1847 349 1882 380 v
1906 347 1928 379 S
1975 346 1999 379 P
2023 346 2049 379 Ο
2077 349 2110 392 R
2128 347 2158 379 T
2179 345 2213 381 Α
2251 348 2336 392 AL:

454 393 675 430 sumendum
692 420 702 429 .
728 397 776 429 At
793 391 880 427 sicut
902 392 1106 439 frequenter
1132 393 1201 439 poli
1219 392 1374 426 reditum

452 452 471 475 a
498 443 688 475 conviviis
713 436 871 473 accidere
898 437 1008 476 solet,
1035 449 1116 473 cum
1142 440 1212 479 jam
1236 437 1372 471 tumul-

455 488 573 520 tuatio
605 488 666 520 illa
690 484 897 520 summatim
926 482 1097 518 tranfisset
1115 506 1126 518 -.
1151 486 1181 517 δι
1203 483 1372 516 multitu-

455 530 501 564 do
525 531 638 576 plebis
669 529 779 575 sopita
813 530 964 570 jaceret,
990 539 1029 562 ac
1055 529 1166 562 noetis
1194 524 1371 572 progressu

454 575 528 617 spes
553 574 723 623 propositi
749 576 884 619 integra
911 581 1069 607 maneret
1086 595 1097 611 ,
1126 584 1201 609 tum
1224 582 1372 616 congre-

452 623 527 667 gati
554 620 593 655 ad
624 621 870 656 executionem
896 617 1119 664 procedunt.
1145 621 1229 651 Erat
1247 626 1367 650 autem

454 664 739 701 adolescentibus
775 665 915 708 paetum
942 684 954 700 ‚
989 665 1019 696 δι
1058 665 1252 697 conventio
1284 672 1368 696 cum

456 708 798 755 Carthaginensibus
816 730 825 746 ‚
853 707 1068 742 Annibalem
1083 716 1242 749 oportere
1258 728 1270 745 ‚
1285 717 1368 740 cum

451 756 492 790 ad
525 759 710 790 civitatem
739 750 916 791 venisset,
941 754 1032 786 circa
1061 751 1244 793 μῑσφαίαν,
1272 750 1308 784 id
1328 751 1372 785 est

452 801 747 835 mediterraneam
783 801 963 843 regionem
999 795 1040 831 ad
1067 801 1158 832 latus
1187 798 1371 833 Orientis,

455 893 490 924 in
521 890 664 925 tumulo
692 888 907 926 accendere,
932 890 993 932 qui
1021 899 1037 921 a
1065 889 1249 922 nonnullis
1276 890 1372 932 Hya-

451 936 567 969 cinthi
600 958 611 974 ,
646 947 662 969 a
689 933 906 981 quibusdam
950 934 1130 979 Apollinis
1169 932 1369 979 Hyacinthi

452 982 614 1014 tumulus
630 980 827 1026 appellatur
849 1004 858 1012 .
887 981 953 1013 Eos
966 977 1050 1013 verb
1067 1002 1077 1018 ‚
1129 978 1167 1012 ιιὶ
1184 989 1266 1012 cum
1284 978 1371 1010 Tra-

448 1030 546 1070 gilco
576 1035 678 1063 erant
694 1048 704 1063 ,
731 1026 793 1058 ubi
828 1025 893 1058 hoc
913 1027 961 1058 ita
977 1023 1052 1059 fieri
1071 1027 1104 1058 vi
1135 1023 1254 1061 issent,
1273 1021 1370 1066 signo

454 1083 512 1117 per
541 1075 659 1115 ignem
685 1070 795 1109 dato,
812 1068 1013 1113 respondere
1026 1070 1206 1107 viciffim,
1233 1066 1371 1113 quosa-

450 1117 507 1151 δίο
533 1116 749 1150 Annibalem
775 1119 899 1161 ignem
924 1124 1021 1149 extra
1041 1118 1229 1150 civitatem
1245 1123 1370 1146 accen-

448 1162 523 1196 sum
550 1164 780 1206 extinguere,
809 1172 847 1193 ac
869 1158 1088 1207 pedetentim
1104 1161 1365 1207 appropinqua-

447 1220 481 1242 re
512 1206 554 1241 ad
583 1217 746 1250 poi-tam.
775 1204 879 1241 Hisce
906 1208 956 1238 ita
983 1207 1188 1240 constitutis
1207 1230 1216 1238 .
1241 1204 1367 1244 iuven-

449 1262 505 1286 tus
522 1274 532 1290 ,
559 1263 633 1296 quae
659 1251 754 1285 intra
781 1250 908 1284 urbem
931 1262 1030 1290 erat,
1056 1262 1139 1285 cum
1166 1262 1244 1284 eam
1269 1249 1364 1282 civi-

452 1301 536 1332 tatis
562 1307 698 1343 partem
734 1295 908 1330 transisset
946 1319 958 1335 ,
993 1307 1074 1341 quae
1108 1293 1364 1331 habitabatur,

1522 402 1595 428 tera
1623 394 1724 431 iuxta
1750 391 2025 437 consuetudinem
2038 391 2246 439 ingreditur,

1625 485 1656 518 C
1703 487 1735 521 A
1785 488 1809 520 P
1857 485 1892 519 U
1940 483 1974 516 T
2065 484 2147 519 VL'

1508 577 1723 611 Hilomenus
1748 575 1831 610 verb
1855 573 2028 609 sollicitus
2064 572 2241 620 quomodo
2265 573 2339 612 suas

1514 633 1653 667 quoque
1680 631 1795 667 partes
1806 618 1988 655 commode
2005 628 2260 664 exequeretur,
2285 620 2337 655 fo-

1430 577 1490 652 P

1427 664 1474 694 ris
1500 667 1705 712 expeSiabat
1721 693 1730 701 .
1755 670 1838 701 Non
1861 668 1958 699 enim
1977 674 2061 698 cum
2079 667 2199 707 ignem
2215 675 2339 700 accen-
2388 664 2390 670 ⁸

1429 705 1559 746 dissent
1583 710 1623 746 ad
1651 723 1728 745 eam
1755 719 1890 754 partem
1913 717 2166 748 accurrerant,
2190 711 2222 743 δε
2253 709 2337 745 Phi·
2387 733 2389 738 .

1429 756 1613 792 lomenum
1642 755 1734 791 suem
1759 756 1950 792 habentem
1977 758 2015 789 in
2040 752 2196 793 feretro,
2221 756 2338 801 &Ly-
2385 762 2388 801 g

1428 803 1511 849 byes
1536 814 1608 837 una
1637 801 1757 837 secum·
1779 803 1922 835 circiter
1946 800 2046 835 mille
2074 809 2172 834 extra
2195 808 2339 845 portam
2385 834 2388 842 ,

453 848 484 879 δε
515 845 553 879 ad
574 855 690 889 portas
706 856 793 890 quas
811 840 1061 877 Temenetidas
1076 852 1206 878 vocant
1220 864 1231 880 ‚
1251 844 1368 886 ignem
1382 844 1413 883 B
1427 850 1586 883 v‘icinam
1621 845 1788 882 miserant
1812 869 1824 885 ,
1859 844 2023 880 volentes
2047 842 2243 879 secundum
2270 842 2306 879 id
2321 865 2337 884 ‚
2384 867 2387 873 .

1426 892 1518 940 quod
1544 895 1653 927 initio
1678 890 1894 938 propositum
1914 888 2028 925 fuerat
2043 911 2054 927 ,
2079 901 2151 923 non
2165 888 2340 935 simplici-
2384 910 2387 929 ί

1428 950 1480 974 ter
1516 949 1557 972 ex
1580 950 1649 971 una
1690 947 1832 972 tantum
1854 936 1910 983 spe
1940 958 1952 974 ,
1988 933 2045 969 sed
2078 946 2122 968 ex
2149 933 2338 981 pluribus,

1427 987 1518 1020 hanc
1541 981 1696 1019 caussam
1722 985 1872 1023 exequi.
1901 982 2128 1017 Philomenus
2153 978 2234 1013 verb
2248 989 2337 1016 cum

1427 1029 1467 1065 ad
1493 1040 1636 1062 murum
1681 1027 1870 1061 secundum
1909 1022 2201 1061 consuetudinem
2238 1022 2336 1060 suam
2383 1026 2386 1037 ⁹

1426 1073 1740 1124 appropinquasset
1756 1093 1768 1109 ⁹
1792 1083 1877 1107 mcx
1902 1081 2007 1116 atque
2033 1068 2075 1103 ad
2097 1071 2202 1105 illum
2223 1068 2337 1103 acces·
2382 1081 2404 1097 ε-

1425 1125 1466 1156 lit
1496 1141 1507 1158 ‚
1536 1118 1654 1153 aderat
1679 1116 1863 1153 confestim
1886 1117 2000 1151 custos
2024 1113 2067 1148 ad
2094 1115 2343 1159 Rhinopylam

1422 1165 1635 1200 descendens
1661 1175 1672 1195 ·.
1695 1163 1760 1198 illo
1783 1174 1880 1197 extra
1909 1170 2047 1204 portam
2075 1159 2216 1194 dicente
2241 1181 2253 1198 ‚
2290 1169 2335 1194 ut

1423 1207 1568 1256 propere
1590 1207 1652 1243 sibi
1671 1210 1863 1253 aperiretur
1877 1229 1888 1246 ,
1914 1204 2007 1252 quod
2023 1202 2119 1239 suem
2134 1204 2335 1251 sylvestrem
2385 1227 2392 1231 -

1447 1263 1603 1290 ortantes
1628 1265 1733 1288 onere
1759 1259 1992 1297 gravarentur
2007 1272 2019 1289 ‚
2046 1250 2158 1284 custos
2181 1250 2214 1284 id
2231 1251 2337 1294 cupi·
2382 1262 2383 1268 ¹

1420 1301 1462 1336 de
1488 1297 1633 1334 audiens
1659 1297 1776 1332 sedulb
1798 1300 1937 1343 aperit,
1960 1294 2099 1342 sperans
2121 1293 2164 1330 ad
2188 1307 2223 1328 se
2240 1305 2332 1339 quo·
2380 1298 2382 1307 ³

451 1346 551 1376 venit
579 1342 618 1375 ad
635 1350 866 1376 monumenta
895 1350 1120 1376 mortuorum
1137 1362 1149 1379 ,
1176 1351 1253 1386 pars
1265 1340 1404 1380 enimC
1421 1358 1488 1393 que
1514 1344 1670 1389 aliquam
1696 1355 1819 1377 eorum
1840 1344 2017 1389 pertinere
2038 1348 2174 1385 partem
2201 1360 2214 1379 ‚
2254 1350 2332 1384 quae

452 1388 649 1422 Orientalis
676 1388 836 1420 civitatis
862 1388 1144 1420 Tarentinorum
1173 1386 1277 1431 plena
1291 1393 1364 1417 erat

455 1434 700 1468 monumentis
717 1453 727 1469 ‚
752 1434 836 1477 quia
858 1433 990 1465 mortui
1019 1434 1223 1465 etiamnum
1242 1439 1363 1464 omnes

453 1480 549 1512 intra
579 1480 710 1510 rnoenia
736 1474 829 1521 apud
851 1488 907 1510 eos
933 1478 1033 1517 juxta
1059 1485 1159 1510 vetus
1181 1474 1361 1516 quoddam

450 1522 635 1557 oraculum
668 1520 887 1567 sepeliuntur
915 1534 925 1555 z
966 1520 1085 1555 ferunt
1119 1523 1216 1554 enim
1244 1521 1362 1552 Deum

450 1579 511 1613 per
540 1567 724 1601 oraculum
749 1565 957 1609 significasse
973 1587 984 1604 ,
1012 1564 1117 1600 satius
1134 1565 1208 1599 illis
1234 1575 1271 1598 ac
1287 1574 1366 1598 rne-

450 1615 519 1648 lius
545 1609 615 1644 fore
644 1632 654 1649 ,
682 1610 703 1644 li
735 1623 816 1645 cum
843 1611 1004 1654 pluribus
1035 1611 1235 1646 habitent:
1279 1609 1361 1643 illos

449 1669 535 1691 vero
561 1654 605 1689 slc
632 1655 662 1689 se
689 1667 796 1701 quam
827 1656 967 1700 optime
988 1657 1086 1694 iuxta
1101 1655 1285 1689 oraculum
1298 1654 1362 1688 ba-

451 1702 629 1737 bitaturos
653 1711 775 1745 putare
802 1722 815 1740 ,
853 1700 875 1735 fi
900 1710 1060 1736 mortuos
1093 1712 1235 1746 quoque
1267 1703 1363 1734 intra

451 1749 585 1784 moenia
616 1745 733 1780 seeum
761 1749 940 1780 retineant
979 1768 990 1783 ‚
1028 1746 1175 1791 ideoque
1210 1745 1291 1780 illos
1321 1742 1364 1779 ad

455 1794 553 1828 hunc
577 1789 684 1836 usque
710 1790 805 1826 diem
829 1802 992 1826 mortuos
1019 1790 1094 1825 suos
1118 1795 1214 1825 intra
1242 1800 1364 1826 muros

1422 1390 1650 1427 Philemenus
1676 1387 1854 1434 caepisset‚
1881 1399 1922 1421 eo
1947 1383 2040 1433 quod
2069 1394 2171 1419 antea
2194 1384 2334 1430 semper.

1422 1437 1599 1482 particeps
1622 1433 1739 1468 suisset
1766 1444 1887 1467 eorum
1913 1454 1924 1472 ‚
1962 1442 2037 1483 quae
2062 1428 2331 1464 inferebantur:

1419 1568 1595 1617 quispiam
1636 1566 1867 1602 Numidicum
1906 1578 2029 1611 gerens
2078 1574 2289 1610 apparatum
2317 1586 2330 1602 ,

1420 1613 1516 1660 quasi
1543 1625 1633 1647 unus
1660 1624 1702 1646 ex
1726 1613 1802 1654 eius
1827 1613 1896 1648 loci
1919 1612 2055 1646 incolis,
2073 1609 2178 1647 esset,
2203 1612 2234 1644 &
2257 1609 2331 1656 post

1420 1662 1517 1697 hunc
1532 1659 1595 1692 alii
1612 1657 1681 1691 duo
1704 1656 1813 1692 feram
1843 1655 1861 1691 a
1875 1668 1973 1702 tergo
1999 1654 2191 1690 deferentes
2205 1679 2214 1688 .
2233 1656 2329 1689 Cum
2381 1681 2384 1688 .

1421 1713 1544 1741 autem
1569 1703 1638 1743 jam
1653 1712 1804 1746 quatuor
1832 1706 1926 1738 intra
1943 1710 2080 1747 portam
2095 1700 2224 1739 essent,
2245 1711 2328 1735 eum

1420 1752 1484 1796 qui
1509 1758 1582 1783 tam
1606 1747 1802 1784 liberaliter
1827 1755 2033 1791 aperuerat,
2059 1749 2089 1780 δε
2114 1743 2329 1791 quifimpli-

1421 1799 1511 1830 citer
1539 1791 1663 1839 absque
1690 1792 1887 1840 suspicione
1912 1793 2010 1830 ulla,
2037 1801 2077 1826 nt
2100 1790 2194 1825 suern
2220 1802 2328 1836 gran·

448 1837 612 1882 sepellire
631 1861 638 1870 .
664 1837 838 1883 Juventus
866 1839 978 1882 igitur
1003 1836 1066 1877 (nt
1092 1835 1133 1871 ad
1152 1847 1223 1870 rem
1249 1835 1409 1876 rever-D
1423 1840 1501 1875 dem
1526 1839 1679 1885 palparet
1706 1860 1718 1876 ,
1744 1838 1947 1873 accurrebat
1969 1859 1981 1875 ‚
2007 1839 2245 1883 percutientes
2268 1838 2324 1868 in-

454 1887 597 1925 tamur)
616 1885 800 1921 civitatis,
826 1894 909 1917 cum
932 1881 975 1916 ad
1001 1882 1098 1916 hunc
1126 1882 1364 1926 Pythonicum

450 1929 636 1962 tumulum
668 1927 884 1973 pervenisset
921 1949 933 1966 ‚
970 1927 1057 1970 quid
1079 1924 1165 1960 esset
1192 1925 1364 1960 futurum

450 1974 679 2014 expefftabat.
709 1977 1031 2019 Appropinquante
1056 1982 1177 2006 autem
1200 1969 1364 2006 Anniba-

453 2020 485 2053 ie
502 2038 513 2055 ,
542 2021 570 2052 δε
597 2018 692 2062 quod
718 2020 954 2053 constitutum
968 2025 1042 2051 erat
1067 2016 1222 2053 faciente
1240 2038 1252 2054 2
1278 2026 1363 2050 mox

452 2075 560 2108 atque
587 2066 705 2107 ignem
737 2066 789 2102 ii,
816 2066 877 2110 qui
906 2075 989 2097 cnm
1010 2063 1149 2096 Nicone
1174 2084 1187 2101 ,
1214 2065 1245 2097 δε
1272 2063 1362 2095 Tra-

451 2114 547 2156 gilco
573 2117 695 2142 erant:
724 2109 976 2154 prospexerunt
997 2130 1010 2146 ,
1035 2110 1198 2142 animum
1221 2106 1363 2142 sumen-

455 2166 505 2190 tes
530 2164 653 2198 rogum
677 2154 858 2187 accensum
875 2174 888 2193 ‚
912 2157 941 2188 δι
964 2152 1025 2197 ipsi
1052 2156 1149 2186 intus
1163 2151 1361 2188 ostendunt:

456 2202 519 2234 ubi
547 2198 630 2232 verb
654 2198 844 2232 Annibalis
869 2202 989 2244 ignem
1017 2197 1218 2233 enimenim
1245 2192 1362 2231 rursus

456 2243 676 2292 prospiciunt
692 2243 814 2282 ‚cursu
830 2265 840 2282 ‚
866 2246 896 2278 &
921 2242 1030 2278 studio
1058 2242 1098 2276 ad
1124 2253 1264 2288 portam
1285 2253 1364 2287 pro-

456 2299 580 2337 perant
604 2287 806 2322 festinantes
830 2312 842 2328 ‚
882 2292 966 2334 quia
986 2290 1155 2323 volebant
1178 2301 1235 2322 eos
1261 2309 1273 2327 ,
1298 2288 1360 2332 qui

1422 1888 1598 1921 terimunt
1612 1905 1624 1921 ‚
1649 1886 1680 1917 δέ
1700 1883 1880 1930 sequentes
1895 1905 1906 1923 ,
1931 1883 2017 1917 alios
2034 1880 2116 1917 verb
2131 1879 2327 1927 praeceden-

1421 1940 1497 1968 tes,
1527 1927 1654 1973 Lybies
1679 1931 1818 1963 circiter
1846 1930 1995 1975 triginta
2020 1928 2237 1973 pedetentim
2258 1948 2269 1964 ‚
2295 1929 2338 1960 δε·

1423 1974 1529 2010 tacite
1554 1973 1593 2005 ad
1616 1975 1790 2020 portulam
1811 1974 1990 2008 inducunt
2005 1997 2014 2006 .
2043 1975 2120 2007 Hoc
2134 1969 2226 2005 fac‘io
2241 1982 2326 2005 con-

1421 2019 1525 2055 tinub
1551 2021 1611 2053 alii
1640 2020 1751 2053 veeles
1775 2019 1996 2065 abrumpunt
2023 2040 2035 2056 ,
2072 2018 2134 2050 alii
2172 2015 2326 2052 custodes

1420 2065 1584 2101 vestibuli
1610 2063 1779 2099 occidunt
1805 2087 1817 2103 ,
1842 2066 1905 2099 alii
1933 2062 2061 2108 Lybies
2085 2062 2199 2096 adhuc
2224 2070 2325 2097 extra

1419 2120 1560 2158 portam
1582 2110 1768 2144 existentes
1793 2108 1959 2155 symbolis
1993 2108 2083 2142 datis
2122 2105 2324 2146 advocant,

1420 2160 1450 2191 δὲ
1478 2157 1557 2190 illos
1585 2166 1731 2201 queque
1756 2155 1921 2191 in÷¹reffos
1946 2152 2046 2188 caute
2071 2153 2169 2193 juxta
2195 2151 2326 2186 consti-

1421 2211 1542 2235 tutum
1570 2201 1707 2234 ducunt
1734 2198 1774 2233 ad
1798 2187 1940 2235 sorum.
1967 2197 2154 2235 Annibal,
2180 2208 2260 2231 cum
2284 2197 2325 2233 hi

1421 2256 1563 2291 quoque
1596 2243 1775 2291 prioribus
1803 2244 1958 2285 adiunSli
1976 2242 2082 2278 essent
2098 2264 2109 2282 ,
2134 2243 2258 2277 alacris
2270 2240 2324 2277 fa-

1420 2293 1496 2327 Stus
1521 2312 1532 2328 ,
1557 2290 1647 2337 quod
1674 2290 1877 2327 institutum
1902 2292 1968 2325 hoc
1988 2287 2181 2322 secundum
2206 2289 2325 2323 animi

456 2347 538 2369 tum
564 2332 742 2368 Auribale
766 2343 868 2368 erant
891 2336 1041 2368 omnino
1057 2338 1249 2378 praevenire
1265 2355 1276 2372 ,
1301 2334 1526 2378 oc-Eipfius
1544 2336 1757 2371 sententiam
1778 2335 1975 2370 succederet
1999 2355 2011 2372 .,
2037 2334 2166 2378 {coepto
2190 2332 2323 2367 inflste-

456 2381 535 2414 cilis
561 2380 665 2424 primi
693 2377 858 2414 vestibuli
896 2378 1096 2415 custodibus
1133 2401 1145 2418 ‚
1177 2388 1360 2425 propterea

457 2423 550 2472 quod
577 2423 606 2456 se
641 2422 681 2456 ad
709 2423 904 2469 ingressum
929 2434 1183 2470 componentes
1209 2423 1360 2457 Cartha-

453 2467 613 2504 oinenses
641 2465 792 2512 segniter
816 2491 827 2508 ,
856 2481 894 2503 ac
919 2469 1137 2514 pedetentim
1160 2466 1360 2517 proficisce-

486 2523 613 2548 antur:
639 2524 723 2548 cum
748 2524 867 2548 autem
890 2512 1043 2548 successu
1071 2517 1274 2559 potirentur
1290 2514 1360 2556 Q&

457 2560 610 2594 custodes
631 2559 702 2599 jam
729 2568 831 2593 antea
854 2562 948 2605 capti
976 2558 1087 2593 essent
1122 2582 1134 2599 ,
1172 2560 1235 2593 alii
1272 2559 1358 2592 alios

460 2602 654 2643 occidunt,
679 2603 743 2638 alii
768 2604 880 2638 veetes
898 2603 1125 2648 infringunt.
1150 2606 1262 2639 Portis
1277 2613 1357 2649 pro-

456 2648 536 2696 pere
557 2664 568 2687 ,
592 2659 631 2682 ac
662 2651 699 2683 in
729 2657 885 2695 tempore
913 2658 1041 2695 apertis
1069 2672 1080 2688 ,
1105 2650 1277 2684 accedunt
1303 2648 1355 2685 ii,

454 2697 620 2742 quicum
644 2694 823 2729 Annibale
849 2704 949 2728 erant
975 2716 986 2732 ,
1027 2693 1161 2728 incessu
1189 2693 1233 2728 fic
1260 2703 1357 2727 com-

456 2744 657 2775 mensurate
682 2739 731 2773 ufi
748 2762 761 2778 ‚
785 2748 825 2774 nt
853 2739 922 2773 line
948 2740 1020 2773 ulla
1048 2740 1284 2783 protraeiione
1298 2738 1360 2770 Ci-

457 2790 608 2819 vitatem
636 2784 928 2830 ingrederentur:
955 2783 1149 2828 ingressum
1174 2783 1358 2822 antemiu-

454 2842 516 2866 xta
545 2829 762 2876 propositum
788 2829 947 2864 securum
979 2851 991 2869 ‚
1031 2832 1061 2864 δι
1101 2830 1172 2864 sine
1197 2830 1394 2872 tumultuF

456 2874 660 2914 consecuti,
687 2883 854 2921 putantes
881 2875 910 2909 se
935 2877 1005 2916 jam
1032 2878 1227 2910 maximam
1253 2884 1358 2906 cona-

456 2931 562 2955 tuum
578 2921 718 2956 suorum
745 2932 880 2967 partem
905 2919 1110 2968 perfecisse,
1138 2920 1198 2967 ipsi
1214 2919 1356 2965 quidem

455 2964 674 3000 confidenter
701 2966 742 3000 ad
767 2965 882 3000 forum
909 2964 1080 3000 accedunt
1107 2978 1165 3012 per
1190 2977 1267 3000 eam
1284 2964 1357 3009 pla-

454 3021 546 3046 team
563 3034 583 3054 Β,
609 3023 685 3052 quse
712 3023 731 3045 a
756 3010 932 3055 profundo
955 3010 1053 3043 ducit
1077 3023 1085 3044 ε
1113 3015 1248 3053 equites
1273 3007 1355 3043 verb

456 3059 551 3089 intra
575 3069 692 3091 muros
728 3058 816 3091 relin
848 3065 938 3090 uunt
962 3056 1055 3090 haud
1084 3060 1263 3103 pauciores
1289 3065 1355 3088 nu-

459 3113 555 3137 mero
579 3102 716 3136 duobus
741 3102 835 3137 milli
864 3113 903 3135 us
939 3123 951 3139 ,
988 3111 1074 3145 quos
1113 3103 1188 3136 illic
1213 3099 1352 3134 subsidii

459 3156 572 3191 gratia
596 3147 663 3181 esse
689 3145 882 3185 volebant,
908 3158 990 3180 cum
1015 3144 1174 3180 adversus
1189 3159 1225 3180 ea
1242 3168 1254 3183 ,
1280 3155 1354 3187 quae

456 3190 673 3226 extrinsecus
696 3191 916 3234 supervenire
942 3200 1103 3237 poterant
1130 3214 1142 3230 ,
1168 3202 1243 3226 tum
1270 3201 1355 3223 con-

459 3244 512 3269 tra
539 3238 626 3270 alios
651 3239 802 3270 incertos
827 3239 922 3271 casus
938 3259 948 3276 ‚
974 3237 1036 3278 qui
1063 3241 1099 3270 in
1116 3234 1355 3277 ejusmodico-

460 3280 605 3328 natibus
631 3284 840 3327 plerumque
862 3282 1003 3316 evenire
1027 3280 1136 3315 solent
1161 3303 1172 3320 ‚
1206 3291 1290 3315 cum
1312 3279 1354 3313 ad

457 3325 632 3409 {ocafispkro
657 3328 778 3361 vicina
803 3326 1001 3368 venissent,
1027 3327 1273 3363 exerciturum
1287 3326 1362 3371 pla-

481 3381 518 3405 ea
599 3380 685 3406 unt.

1419 2383 1480 2418 bat
1510 2406 1520 2415 .
1557 2384 1697 2425 Separat
1733 2384 1853 2427 itaque
1876 2380 1946 2415 duo
1968 2379 2151 2414 Celtarum
2176 2379 2320 2417 millia,

1416 2440 1457 2463 ac
1481 2425 1601 2462 divisis
1625 2426 1697 2459 illis
1721 2429 1758 2461 in
1782 2438 1852 2461 tres
1873 2434 2013 2472 partes,
2038 2423 2124 2457 duos
2151 2425 2319 2470 unicuiq3

1417 2475 1510 2521 parti
1539 2483 1580 2506 ex
1606 2469 1884 2506 adolescentibus
1906 2492 1917 2509 ‚
1956 2472 2019 2516 qui
2052 2468 2204 2503 caussam
2228 2469 2321 2502 hanc

1415 2519 1565 2553 obibant
1593 2539 1602 2555 ,
1641 2526 1679 2548 ac
1699 2515 1951 2561 consequenter
1977 2514 2170 2550 nonnullos
2191 2525 2234 2547 ex
2251 2512 2320 2547 suis

1415 2561 1565 2597 ducibus
1591 2560 1737 2606 deputat
1754 2584 1765 2600 ‚
1791 2561 1964 2605 simulque
1996 2558 2056 2596 ase
2077 2559 2259 2597 dimittit,
2282 2560 2314 2592 δε

1414 2607 1558 2643 mandat
1584 2628 1594 2645 ,
1622 2617 1659 2639 ut
1676 2608 1751 2640 vias
1775 2601 2094 2653 opportunissime,
2116 2601 2248 2650 quibus
2272 2602 2316 2637 ad.

1413 2652 1529 2688 forum
1555 2655 1650 2688 itur.
1675 2661 1875 2697 occupent,
1899 2653 1929 2684 &
1953 2650 2015 2684 ubi
2040 2649 2074 2682 id
2089 2647 2314 2689 fecissentjti-

1417 2710 1522 2733 venes
1554 2699 1625 2737 ejus
1651 2697 1717 2730 loci
1746 2700 1952 2742 excipiant,
1979 2693 2091 2729 immb
2113 2696 2143 2727 δι
2164 2696 2261 2729 cives
2278 2696 2318 2727 in
2369 2703 2373 2707 ·

2356 2742 2360 2801 l
2393 2778 2395 2786 s

1413 2754 1501 2789 quos
1525 2741 1724 2776 incidissent
1740 2764 1751 2779 ,
1778 2742 1898 2775 illaesos
1913 2738 2048 2776 servent
2065 2761 2076 2778 ,
2102 2739 2318 2779 plurimum-

1413 2799 1479 2835 que
1502 2789 1719 2820 Tarentinos
1742 2788 1940 2820 inclament
1979 2808 1991 2824 ,
2029 2795 2068 2818 ut
2101 2785 2137 2817 in
2164 2796 2205 2818 eo
2238 2783 2316 2818 loco

1412 2841 1579 2867 maneant
1606 2852 1616 2870 ‚
1646 2831 1741 2877 quod
1762 2833 1841 2866 data
1868 2830 1948 2875 ipsis
1975 2828 2055 2864 esset
2083 2827 2317 2876 permanendi

1415 2875 1602 2916 securitaS.
1627 2877 1981 2920 Carthaginenlrum,
2007 2877 2037 2907 δι
2053 2876 2235 2908 Celtarum
2250 2871 2315 2908 du-

1414 2922 1515 2957 cibus
1539 2921 1723 2967 przecipit,
1749 2932 1788 2955 ut
1816 2925 2016 2958 Romanos,
2044 2918 2065 2952 fi
2091 2931 2178 2966 quos
2190 2917 2315 2953 obvios

1413 2968 1602 3005 habuerint
1627 2989 1638 3003 ,
1664 2967 1827 2999 occidant
1856 2979 1863 2998 ι
1892 2967 1944 2999 illi
1974 2968 2091 3009 itaque
2118 2976 2134 2997 a
2162 2964 2191 2996 se
2217 2965 2315 2996 invi-

1413 3025 1491 3047 cem
1515 3010 1618 3046 divisi
1640 3011 1862 3056 expediunt,
1888 3009 1981 3056 quod
2003 3012 2041 3043 in
2061 3007 2236 3043 mandatis
2253 3019 2311 3041 ac-

1412 3066 1577 3101 ceperant
1606 3081 1615 3090 .

1412 3103 1565 3137 rentinis
1593 3099 1764 3145 paremio
1803 3121 1813 3138 a
1851 3100 2010 3134 redditur
2043 3102 2173 3134 civitas
2203 3099 2304 3143 plena

1411 3145 1625 3181 clamoribus
1651 3166 1661 3183 ‚
1687 3147 1717 3178 ὃ(
1743 3143 2008 3190 perturbatione
2036 3147 2182 3188 inop'1na
2215 3167 2225 3176 .
2262 3145 2313 3177 At

1412 3193 1542 3232 Caius,
1570 3202 1650 3224 cum
1674 3192 1705 3223 Sc
1730 3188 1792 3235 ipsi
1813 3191 1963 3225 hostium
1990 3192 2156 3231 imotenus
2172 3189 2313 3222 innote-

1410 3234 1518 3271 sceret
1553 3257 1565 3274 ,
1599 3238 1758 3280 cogitans
1793 3238 1822 3268 le
1850 3238 1919 3270 iam
1949 3227 2047 3269 nihis
2061 3232 2196 3268 efficere
2223 3233 2313 3279 posse
2347 3230 2351 3278 j

2346 3325 2349 3343 Ι

1411 3290 1555 3331 propter
1581 3283 1828 3314 temulentiam
1851 3302 1862 3318 ‚
1888 3278 2069 3314 confestim
2095 3277 2200 3310 domo
2228 3288 2314 3313 cum

1418 3326 1564 3362 famulis
1587 3324 1653 3359 suis
1682 3319 1859 3370 egreditur
1895 3347 1906 3363 ‚
1944 3327 1974 3358 &
1996 3335 2080 3358 cum
2102 3321 2142 3355 ad
2170 3332 2310 3367 portam
2347 3347 2349 3350 .
2386 3332 2392 3350 1

1418 3373 1586 3409 venisset,
1611 3382 1686 3417 qnae
1704 3369 1745 3403 ad
1761 3377 1900 3415 portum
1920 3369 2019 3403 ducit
2035 3390 2046 3406 ‚
2069 3367 2316 3413 cusiolq3Rhi-
2346 3378 2349 3389 ³

1417 3417 1584 3462 nopylam
1611 3416 1925 3466 aliamflperuill'et
1961 3437 1972 3454 ,
2009 3425 2067 3461 per
2093 3413 2193 3447 illam
2220 3408 2312 3446 effu·
2344 3400 2347 3449 ἰ

1417 3464 1517 3510 giem
1537 3483 1550 3502 ,
1573 3459 1798 3507 piscatoriam
1818 3462 1943 3497 navim
1968 3471 2010 3496 ex
2033 3461 2107 3495 illis
2126 3480 2138 3498 ‚
2170 3468 2245 3504 quae
2272 3459 2311 3490 in
2343 3465 2346 3501 Ι

2201 3513 2266 3538 na·
2342 3533 2345 3582 Ι

2342 3604 2343 3616 i

1642 3058 1719 3090 Hoc
1747 3066 1863 3089 autem
1888 3056 2041 3089 hostium
2069 3054 2217 3098 ingressu
2242 3055 2314 3086 Ta-
2352 3098 2353 3101 Ἴ

1404 1479 1493 1526 .ipse
1531 1480 1652 1523 itaque
1691 1479 1919 1512 Philemenus
1963 1486 2119 1523 primum
2148 1475 2267 1509 locum
2291 1477 2333 1510 in
2386 1495 2388 1499 ν

1419 1527 1482 1561 illo
1498 1535 1610 1557 cuneo
1623 1522 1768 1562 habens,
1783 1521 2008 1565 ingreditur,
2035 1522 2066 1554 &
2085 1531 2168 1554 cum
2184 1520 2330 1553 eoalius
2380 1531 2381 1535 ¹
