2404 3882
552 224 629 273 339

883 217 1075 262 ΕΑΒ.
1131 213 1470 262 BARRII
1531 214 1969 258 FRANCIC.

2211 228 2292 268 340

507 312 555 349 set
573 337 585 354 ‚
612 310 839 359 nequaquam
864 312 1006 347 Marcus
1041 315 1223 347 Antonius
1248 309 1309 350 id,
1336 308 1441 349 necA
1457 311 1502 341 eis
1516 319 1788 344 commemorans
1812 309 1904 343 mala
1931 329 1944 346 ⁹
1968 314 2041 354 quae
2062 309 2142 354 pati
2164 307 2343 355 debuissent

495 371 569 394 non
607 358 781 395 humilem
808 359 840 392 &
864 356 1036 393 abieffiam
1071 360 1247 400 originem
1280 359 1311 391 ei
1337 368 1397 390 ex-

495 403 686 450 probrasset
714 424 726 441 ,
751 413 901 448 eumque
928 414 987 447 per
1011 403 1270 437 contumeliam
1297 402 1401 437 Thu-

495 451 621 487 sinum·
644 447 867 495 appellasset,
889 445 942 482 sed
967 450 1097 481 iccirco
1123 446 1192 481 haec
1217 449 1248 481 ei
1275 455 1399 487 expro-

494 495 575 532 brat
603 516 616 535 ‚
652 491 746 541 quod
776 495 813 527 in
840 504 928 538 pago
965 494 1134 526 Thurinae
1162 495 1315 537 regionis
1354 489 1398 524 ab

493 541 661 578 humili,
687 551 760 574 non
786 536 803 572 a
825 540 918 583 regia
940 559 952 576 ‚
976 545 1038 570 aut
1065 545 1180 570 vetere
1207 539 1302 572 clara
1329 539 1397 571 Ro-

498 600 606 626 mana
619 582 759 621 familia
777 584 952 627 originem
968 585 1129 616 traxerit.
1145 582 1272 617 Cicero
1284 583 1391 616 etiam

493 636 535 671 in
566 631 708 678 epistola
738 629 779 662 ad
815 625 930 672 ipsum
956 626 1146 661 oetavium
1183 630 1215 660 ei
1253 629 1391 673 generis

496 677 745 717 humilitatem
758 670 970 718 exprobrans
981 692 993 710 ‚
1012 683 1164 717 eumque
1179 674 1301 707 Marco
1316 675 1392 705 An-

492 720 597 761 tonio
620 730 744 765 genere
768 716 997 755 inferiorem,
1025 717 1240 764 originemq3
1256 716 1309 760 2ab
1325 723 1392 751 'ar-

494 768 660 817 gentario
685 775 752 798 avo
774 761 898 796 ducere
927 763 1019 796 inter
1045 761 1113 796 alia
1139 761 1183 796 lic
1211 764 1285 796 ait:
1313 763 1390 795 Aut

493 825 596 857 quem
621 811 789 849 accipient
823 806 862 841 de
882 806 956 849 suis
978 807 1111 849 posteris
1140 810 1305 842 nuncium
1339 810 1392 845 illi

491 867 621 896 veteres
644 852 834 899 Africani,
857 852 1033 890 Maximi,
1057 853 1157 886 Pauli
1169 875 1181 891 ‚
1206 853 1392 895 Scipiones?

493 903 586 951 Qid
618 901 658 937 de
672 901 737 944 sua
759 898 875 946 patria
906 898 1048 938 audient
1071 915 1084 936 ,
1121 910 1227 945 quam
1254 898 1392 945 spolii52

492 945 742 994 triumphisque
779 944 986 981 decorarunt
1012 943 1028 978 ἓ
1053 944 1109 977 An
1135 944 1189 991 effe
1224 944 1393 992 quendam

495 1006 601 1032 annos
622 994 752 1028 XXIIII.
772 998 898 1022 natum
924 990 1024 1023 cuius
1050 1002 1135 1025 avus
1149 991 1267 1034 fuerit
1281 1001 1396 1036 argen-

494 1043 611 1078 tarius
625 1061 636 1077 ‚
663 1036 856 1084 astipulator
872 1042 971 1081 pater
984 1057 997 1073 ,
1019 1045 1160 1078 uterque
1180 1051 1258 1072 vero
1276 1046 1393 1084 preca-

493 1089 590 1124 rium
606 1085 737 1130 fecerit
757 1079 947 1124 quaestum?
970 1081 1034 1116 Sed
1057 1082 1144 1117 alter
1164 1085 1265 1128 usque
1288 1083 1333 1118 ad
1344 1081 1397 1126 se-

493 1131 660 1168 metutam
686 1138 728 1163 ut
751 1137 813 1161 non
838 1134 972 1170 negaret
997 1148 1008 1166 ‚
1039 1126 1126 1161 alter
1150 1134 1167 1162 a
1186 1131 1335 1178 pueritia
1357 1138 1396 1162 ut

488 1187 560 1213 'aon
584 1175 680 1223 P‘ffit
713 1185 776 1208 non
812 1172 963 1216 confiteri
985 1197 995 1206 .
1033 1174 1120 1206 Eum
1145 1187 1235 1221 agere
1250 1197 1261 1214 ‚
1283 1183 1396 1220 rapere

492 1232 603 1270 remp.
628 1224 687 1258 cui
711 1217 808 1256 nulla
836 1221 954 1257 virtus
981 1239 992 1254 ι,
1017 1218 1118 1255 nullae
1144 1220 1224 1256 bello
1240 1219 1396 1264 [Ληθὼ

494 1270 539 1307 &⁴
568 1268 614 1304 ad
639 1267 823 1311 imperium
856 1261 1020 1298 adiunftae
1044 1267 1228 1312 provincia
1253 1288 1265 1305 ‚
1300 1265 1395 1300 nulla

1448 353 1480 399 st
1499 355 1534 388 in
1549 358 1721 390 Graeciam
1740 354 1881 399 iviffent.
1897 355 2007 398 Qum
2020 355 2134 389 Graeci
2152 358 2251 389 cruci
2273 355 2345 402 affi-

1454 408 1581 433 xerunt
1605 423 1616 440 ‚
1642 401 1685 437 &-
1707 401 1753 436 ad
1775 409 1891 447 petras
1914 397 2102 433 alliderunt
2123 420 2135 437 ‚
2159 400 2178 430 ei
2200 411 2268 442 qua
2292 411 2348 447 pe..

1455 453 1514 478 tra
1536 447 1646 479 Setaea
1681 454 1802 481 vocata
1834 445 1874 489 est
1903 468 1914 478 .
1952 444 1994 476 Et
2019 443 2210 488 Lycophron
2247 445 2345 484 illam
2384 462 2385 467 ¹

1453 493 1594 525 Setaeam
1627 500 1728 526 vocat
1751 514 1763 530 ‚
1803 502 1878 537 quae
1918 489 1975 523 hoc
2008 487 2182 532 confilium
2215 492 2346 527 iniecit.

1453 538 1543 571 Item
1576 534 1762 578 Euripides
1808 539 1846 570 in
1869 532 2067 570 Troadibus
2097 555 2110 574 ‚
2136 532 2178 569 de
2203 536 2348 574 Hecuba

1453 582 1584 616 Priami
1608 592 1714 615 uxore
1740 582 1887 628 loquens
1912 581 1976 614 ait:

1448 655 1529 698 Qae
1547 651 1701 695 proxime
1719 650 1921 694 pertingunt
1942 655 2090 691 terram,

1446 699 1583 745 Jonium
1608 702 1722 728 nautae
1746 702 1888 734 pontum
1906 715 1919 733 ‚

1448 747 1559 789 Qum
1583 742 1709 786 irrigat
1727 737 1983 786 pulcherrimus
1996 761 2010 779 ‚

1406 789 1513 847 BQui
1528 786 1648 831 flavos
1677 789 1788 819 crines
1800 785 1898 830 facit

1450 833 1560 879 Ruffos
1575 854 1586 870 ‚
1609 831 1738 866 Crathis
1756 829 1941 874 fertilibus
1967 831 2055 865 rivis
2075 833 2166 869 alens
2180 856 2192 875 ‚

1448 884 1526 926 Qu
1551 875 1703 911 abundat
1721 875 1874 920 fortibus
1898 877 1987 911 viris

1450 925 1608 962 fertilem
1623 923 1761 968 faciens
1789 929 1934 956 terram.

1452 993 1646 1038 steplhanus
1671 991 1762 1026 hanc
1790 991 1883 1023 circa
1911 989 2071 1037 Sybarim
2092 994 2271 1040 regionem
2297 999 2353 1031 Sed

1452 1051 1554 1077 taeam
1582 1045 1684 1071 vocat
1711 1047 1728 1069 a
1752 1037 1855 1069 Setaea
1881 1038 2054 1072 muliere.
2092 1041 2165 1074 Post
2198 1043 2353 1077 Thurios

1453 1085 1590 1134 Sybaris
1617 1080 1748 1116 fluvius
1769 1080 1900 1115 labitur
1926 1093 1938 1121 3
1962 1081 2065 1129 supra
2092 1096 2176 1119 vero
2205 1089 2358 1122 Thurios

1453 1147 1504 1169 m.
1531 1141 1566 1174 p.
1593 1129 1680 1162 XlI.
1706 1126 1988 1173 Castrivillanum·
2037 1128 2210 1176 oppidum
2239 1132 2358 1166 nobile

1453 1179 1498 1214 est
1525 1173 1823 1210 mediterraneum
1839 1184 1908 1206 nou
1925 1173 2029 1218 longe
2044 1185 2062 1207 a
2080 1175 2217 1212 Pollino
2233 1186 2357 1211 monte
2397 1214 2399 1217 ,

1455 1227 1548 1259 inter
1575 1218 1734 1265 Sybarim
1760 1218 1792 1251 Sc
1817 1220 2000 1254 Lacanum
2034 1231 2156 1255 amnes
2192 1245 2205 1262 ‚
2240 1223 2356 1270 Apru-

1445 1270 1538 1314 stum
1560 1266 1647 1300 olim
1672 1262 1806 1299 dhisum
1835 1285 1845 1300 ,
1875 1267 1979 1298 cuius
2007 1267 2179 1302 meminit
2210 1269 2358 1304 Plinius.

495 1315 650 1360 dignitas
672 1314 838 1346 maiorem
861 1308 1061 1355 conciliaJJet
1086 1319 1178 1365 opem
1189 1310 1440 1358 potentium⁷C
1458 1316 1536 1350 Fuit
1565 1318 1683 1347 autem
1709 1307 1752 1341 ab
1779 1306 1944 1343 Ausoniis
1974 1331 1986 1348 ‚
2014 1319 2077 1345 aut
2102 1310 2146 1345 ab
2173 1315 2355 1349 Oenotriis

490 1361 551 1407 sed
564 1361 686 1406 forma
697 1368 755 1404 per
776 1354 917 1390 dedecus
934 1357 1112 1400 pecuniam
1134 1367 1177 1392 w·-
1191 1369 1309 1391 nomen
1326 1356 1400 1399 fce-

495 1408 648 1443 leratum
672 1401 902 1449 impudicitiae
927 1398 1063 1445 dedjffet
1080 1425 1088 1435 .
1114 1405 1158 1437 Et
1181 1401 1241 1438 off.
1292 1406 1393 1437 rimo.

498 1451 659 1486 ouavius
683 1450 818 1491 primus
848 1456 888 1477 ex
911 1445 971 1481 illa
987 1445 1135 1490 familia
1159 1448 1256 1492 Consu
1284 1447 1401 1492 fastus

501 1495 569 1540 estj
593 1506 700 1529 novus
725 1491 818 1525 homo
841 1513 850 1522 .
876 1491 1022 1535 Optime
1047 1491 1192 1537 quidem
1219 1494 1345 1527 Cicero
1370 1492 1401 1525 δι

499 1543 558 1577 M.
586 1540 768 1575 Antonius
794 1535 934 1569 Ottavn
959 1537 1135 1580 originem
1168 1537 1335 1572 sciebant.
1360 1540 1402 1571 ln

501 1587 569 1623 hoc
612 1583 775 1619 Thurino
807 1592 889 1625 agro
923 1582 1062 1615 colonia
1099 1585 1227 1617 Latina
1257 1582 1401 1617 deduela

500 1631 571 1666 est.
601 1631 664 1665 Ait
688 1629 786 1663 enim
820 1627 942 1660 Livius
967 1625 1050 1660 belli
1067 1629 1160 1662 Mac.
1185 1627 1277 1663 libro
1298 1640 1403 1674 quar-

500 1687 552 1712 to.
579 1679 616 1711 In
640 1676 738 1709 exitu
762 1673 861 1706 huius
887 1676 969 1705 anni
982 1675 1026 1719 Q
1044 1673 1152 1708 AElius
1180 1672 1306 1708 Tubero
1333 1675 1402 1707 tri-

496 1723 608 1758 hunus
629 1719 733 1767 plebis
754 1720 842 1754 tulit
867 1716 911 1750 ad
922 1713 1049 1762 plebem
1063 1742 1074 1758 ‚
1094 1718 1263 1766 plebesque
1279 1718 1400 1762 seivit,

496 1777 540 1803 ut
565 1769 697 1801 Latinae
724 1764 797 1798 duae
826 1763 984 1802 colonia,
1008 1776 1076 1799 una
1097 1768 1131 1799 in
1153 1767 1322 1804 Brettios‚
1351 1766 1400 1800 al-

1455 1357 1647 1396 conditum
1663 1377 1673 1394 -,
1698 1356 1729 1388 &
1755 1365 1797 1388 ex
1821 1355 1945 1400 Syphei
1970 1375 1983 1393 5
2012 1358 2043 1390 δι
2070 1359 2262 1394 Grumenti
2283 1362 2358 1392 rui·
2402 1381 2404 1385 -

1456 1407 1512 1441 nis
1536 1402 1690 1438 aufflum.
1718 1398 1820 1434 Abest
1848 1412 1865 1433 a
1887 1400 1976 1434 mari
2002 1413 2052 1436 m.
2076 1413 2112 1448 p.
2139 1404 2260 1439 X1111.
2283 1407 2355 1439 Hic

1456 1447 1623 1486 nundinae
1648 1448 1835 1480 annuatim
1856 1446 2088 1486 ¹celebrantur
2118 1471 2129 1481 .

1457 1494 1567 1542 panni
1593 1488 1773 1525 frondinei
1801 1490 1936 1525 nobiles
1953 1515 1963 1525 .
2005 1493 2047 1525 In
2075 1492 2140 1528 hoc
2163 1505 2246 1541 agro
2270 1497 2356 1528 vina

1458 1543 1489 1576 &
1507 1539 1581 1573 olea
1604 1537 1695 1570 clara
1721 1534 1813 1569 fiunt
1841 1557 1852 1575 ‚
1887 1534 1930 1571 fit
1968 1534 2092 1572 sesama
2120 1559 2132 1577 ‚
2163 1542 2192 1574 &
2217 1540 2360 1586 goffipii

1460 1586 1561 1632 copia
1583 1584 1734 1626 ingens,
1762 1581 1890 1626 legitur
1918 1592 2071 1622 manna,
2097 1584 2255 1621 nascitur
2279 1597 2356 1620 car-

1459 1631 1524 1666 dus
1550 1628 1727 1664 masticem
1759 1625 1913 1661 fundens
1938 1652 1948 1660 .
1983 1630 2054 1664 Hic
2082 1629 2126 1664 ab
2152 1642 2223 1664 uno
2249 1631 2358 1665 socio-

1458 1687 1537 1712 rum
1562 1672 1639 1708 divi
1680 1670 1850 1707 francisci
1891 1671 2029 1707 Affifini
2056 1696 2068 1713 ‚
2106 1675 2359 1711 monasterium

1458 1720 1659 1757 extruSlum
1682 1718 1740 1753 est.
1763 1720 1802 1751 In
1830 1720 1932 1752 cuius
1950 1718 2018 1753 aecle
2044 1720 2140 1755 beati
2169 1725 2258 1757 Petri
2273 1723 2356 1756 Coe-

1458 1766 1589 1802 nobitae
1624 1774 1749 1809 corpus
1785 1762 1938 1808 quiescit
1966 1788 1975 1796 .
2017 1768 2111 1800 Huic
2146 1768 2357 1802 monasterio

497 1822 572 1848 tera
594 1816 631 1847 in
656 1809 848 1844 Thurinum
876 1819 997 1853 agrum
1034 1810 1281 1845 deducerentur
1296 1834 1306 1844 .
1332 1810 1442 1859 HisD
1455 1812 1568 1847 adhuc
1589 1808 1671 1844 divo
1694 1807 1875 1844 Francisco
1899 1808 2078 1852 superstite
2106 1822 2257 1858 praeerat
2282 1814 2354 1847 Da-

495 1856 705 1894 deducendis
735 1856 922 1889 triumviri
958 1859 1101 1895 creati,
1135 1852 1258 1904 quibus
1289 1859 1397 1890 trien-

496 1907 595 1938 nium
620 1905 804 1949 imperium
830 1898 902 1944 efflet
916 1924 926 1934 .
963 1904 1000 1935 In
1023 1903 1150 1936 Brettio
1172 1904 1217 1950 Q
1232 1901 1397 1938 Navius,

497 1950 549 1985 M.
573 1950 744 1983 Minatius
765 1947 881 1991 Rnffm
904 1968 916 1985 ‚
942 1948 990 1985 M.
1018 1948 1142 1981 Furius
1167 1944 1317 1989 Craffipes
1332 1972 1341 1981 .
1360 1949 1396 1981 ln

496 1995 692 2029 Thurinum
706 2014 718 2031 ‚
738 1993 782 2028 A.
794 1989 944 2028 Manlius
956 2015 968 2032 ‚
981 1996 1018 2027 P.
1032 1993 1193 2028 AEmilius
1207 2013 1219 2031 ‚
1231 1993 1271 2026 t..
1284 1991 1396 2038 Apru-

490 2041 591 2085 flius.
617 2039 774 2073 Coloniae
797 2035 941 2081 quidem
967 2037 1101 2072 nobilia
1131 2037 1258 2085 oppida
1287 2035 1395 2072 dedu-

499 2085 673 2121 cebantur
700 2096 711 2123 3
748 2094 853 2129 quare
891 2082 971 2118 fieri
1009 2082 1116 2128 potest
1138 2106 1149 2122 ‚
1177 2092 1218 2118 ut
1246 2084 1284 2118 in
1311 2094 1393 2128 agro

500 2132 638 2166 Brettio
667 2130 883 2163 Mamertum
913 2128 1051 2163 colonia
1073 2127 1218 2163 dedue'ta
1245 2128 1286 2163 s1t
1311 2151 1323 2168 ‚
1355 2130 1394 2162 in

501 2188 584 2221 agro
611 2176 773 2209 Thurino
804 2171 930 2207 ssefidia
947 2199 956 2207 .
983 2175 1063 2208 Fuit
1092 2175 1276 2210 Thorium
1301 2172 1393 2208 sedes

502 2221 745 2268 Episcopali5‚
772 2218 824 2252 sed
852 2217 896 2253 ob
911 2219 1006 2254 urbis
1033 2219 1230 2254 vastitatem
1260 2222 1298 2254 in
1313 2217 1396 2254 Ros-

498 2266 640 2301 smnum
670 2265 838 2300 translata
867 2265 922 2298 est.
951 2264 1171 2310 Theophilus
1200 2263 1393 2311 Episcopus

1454 1857 1526 1894 niel
1549 1855 1667 1891 sanStae
1688 1857 1770 1889 vitae
1791 1856 1857 1888 vir.
1884 1856 1955 1888 Hic
1978 1857 2008 1889 δι
2033 1854 2086 1891 sex
2117 1859 2179 1892 alii
2208 1861 2282 1892 eius
2307 1854 2358 1892 so-

1454 1906 1501 1939 cii
1523 1925 1535 1944 ,
1572 1902 1708 1937 samuel
1736 1922 1748 1940 ‚
1778 1900 1933 1945 Angelus
1955 1921 1967 1939 ‚
1995 1903 2100 1936 Donn
2115 1904 2192 1938 ulus
2213 1925 2225 1943 ‚
2260 1906 2356 1942 Leo,

1454 1947 1620 1985 Nicolaus
1644 1968 1655 1983 ‚
1695 1947 1726 1980 &
1769 1947 1949 1989 Vgolinus
1978 1968 1989 1985 ‚
2029 1947 2236 1984 Christianae
2275 1948 2360 1983 fidei

1452 1990 1680 2042 propagandae
1715 1989 1883 2025 defiderio
1908 1990 2040 2026 accenfi
2064 1991 2105 2026 ad
2127 1994 2354 2029 ethnicorum

1450 2044 1608 2086 regiones
1627 2050 1667 2071 eo
1692 2039 1812 2072 animo
1836 2045 1923 2070 eunt
1947 2058 1958 2075 ‚
1998 2047 2037 2071 ut
2064 2047 2125 2072 aut
2157 2039 2285 2074 Christi
2311 2038 2356 2073 fi-

1452 2085 1532 2120 dem
1568 2082 1762 2131 proferrent
1788 2103 1799 2120 ,
1838 2090 1898 2115 aut
1923 2092 2016 2117 certe
2051 2093 2114 2128 pro
2141 2095 2176 2117 ea
2202 2094 2355 2119 mortem

1453 2131 1612 2166 subirent
1641 2152 1650 2162 .
1689 2132 1814 2174 ltaque
1839 2125 1883 2160 ab
1904 2128 2008 2162 Helia
2034 2136 2111 2162 tum
2139 2132 2249 2164 totius
2280 2133 2356 2164 eius

1451 2176 1587 2212 ordinis
1612 2174 1811 2210 antistitem
1839 2170 2027 2207 decedendi
2054 2172 2116 2207 fibi
2145 2178 2244 2220 copia
2268 2174 2356 2209 faeta

1449 2232 1606 2268 coeptam
1644 2222 1887 2265 Agarenorum
1915 2216 2036 2253 urbem
2065 2220 2356 2259 contenderunt3

1451 2277 1555 2314 atque
1592 2268 1631 2301 in
1657 2268 1738 2299 vico
1767 2264 1936 2309 quopiam
1971 2274 2070 2300 extra
2099 2264 2228 2300 urbem
2254 2266 2357 2299 insti-

497 2314 683 2348 Thurinus
715 2308 877 2344 interfuit
907 2309 1043 2357 synodo
1072 2311 1432 2361 Constantinopoli-E
1449 2312 1625 2350 tutoribus
1657 2307 1882 2346 Christicolis
1917 2307 1960 2343 ab
1999 2321 2078 2355 rege
2119 2308 2161 2345 ad
2198 2321 2357 2345 commo.

503 2370 592 2392 tanae
615 2356 738 2391 sextae:
766 2365 799 2389 et
815 2356 969 2402 Joannes
996 2354 1176 2401 episcopus
1212 2357 1392 2393 Thurinus

500 2402 667 2438 interfuit
689 2400 823 2447 Synodo
864 2404 1027 2435 Romanae
1060 2399 1120 2434 sub
1159 2401 1392 2447 Symmacho,

499 2453 531 2484 δι
556 2448 616 2482 sub
649 2449 788 2483 Hilario
813 2472 823 2480 .
854 2449 949 2481 Inter
978 2447 1210 2481 Coriolanum
1237 2448 1266 2481 ἄ
1295 2448 1394 2482 Thu-

501 2497 571 2529 rios
586 2495 749 2526 Maurum
765 2494 892 2526 civitas
913 2501 986 2526 erat
1003 2514 1014 2531 ‚
1043 2501 1116 2538 quae
1131 2493 1273 2526 interiit
1287 2513 1298 2530 ‚
1322 2490 1392 2529 fuit

499 2538 592 2574 sedes
620 2537 848 2584 episcopalis.
877 2540 1057 2571 Lucianus
1081 2534 1260 2583 episcopus
1289 2538 1394 2573 Mau.

502 2583 609 2620 tensis
648 2583 813 2617 interfuit
843 2583 980 2628 Synodo
1013 2585 1177 2616 Romanae
1214 2581 1275 2616 sub
1298 2584 1393 2619 Iulio

500 2635 591 2675 Papa
617 2631 732 2675 primo
748 2653 757 2661 .
787 2627 980 2662 Combustae
1002 2626 1083 2662 sunt
1107 2628 1138 2660 ὃ(
1169 2629 1205 2660 in
1231 2628 1286 2662 his
1310 2629 1396 2663 locis

501 2677 706 2710 Graecorum
731 2685 835 2708 naves
862 2672 879 2706 a
907 2671 1118 2708 mulieribus
1152 2672 1316 2707 Troianis
1340 2686 1397 2708 ca-

502 2722 614 2764 ptivis
638 2741 650 2758 ‚
681 2729 718 2755 ut
742 2719 952 2765 Lycophron
974 2721 1013 2754 in
1038 2718 1142 2753 Alex.
1170 2716 1278 2752 tradit
1302 2739 1314 2757 ‚
1337 2719 1400 2754 ubi

499 2771 545 2801 hc
570 2767 633 2801 ait:

501 2858 639 2895 Crathis
652 2866 770 2892 autem
782 2860 990 2892 mont'menta
1005 2855 1133 2892 videbit
1147 2854 1312 2900 interfiff't'i

501 2909 528 2940 „E
544 2907 667 2948 regione
694 2904 771 2937 Alei
799 2906 936 2937 Patarei
951 2903 1120 2949 templum

503 2956 607 2985 Setun
629 2949 773 2993 mzyera:
790 2948 855 2984 tibi
881 2958 999 2982 autem
1024 2948 1067 2982 ad
1074 2957 1208 2993 petram
1218 2959 1311 2982 mors

504 2999 620 3035 Manet
632 2995 852 3038 infortunata
864 3017 875 3034 ‚
890 2993 946 3028 ubi
958 2992 1170 3040 compedibus
1185 2993 1296 3027 vinfla
1306 2992 1401 3034 pedes

501 3041 719 3084 Miserrima,
738 3040 866 3083 ferreis
888 3040 1037 3085 expansis
1061 3037 1151 3072 ulnis

503 3087 657 3124 Morierir
673 3104 683 3124 ‚
710 3088 780 3131 igne
798 3085 970 3120 combures
993 3085 1207 3119 dominorum
1225 3084 1353 3130 clnffi’m

503 3129 673 3165 Aoieftam
695 3141 897 3173 conquerens
920 3134 1022 3165 iuxta
1047 3128 1195 3165 Crathim

504 3175 696 3211 Vulneribus
703 3175 894 3221 suspensam
917 3176 1052 3220 funestis
1064 3183 1182 3220 corpus
1195 3196 1206 3215 ‚

502 3268 662 3309 scopulus
697 3272 812 3299 autem
835 3268 893 3302 ille
928 3276 994 3304 tuae
1015 3267 1217 3313 cognominis
1244 3266 1398 3312 fortuna

505 3318 632 3350 Pontus
649 3311 830 3356 prospicere
857 3314 990 3348 dicetur
1006 3334 1016 3346 -.
1041 3318 1145 3356 super
1168 3312 1297 3359 quibus
1322 3323 1401 3347 ver-

503 3360 557 3394 bis
583 3355 706 3391 isacius
733 3357 782 3388 ait
804 3369 814 3389 .·
845 3362 948 3392 Setaea
968 3359 1092 3393 mulier
1117 3356 1264 3392 Troiana
1289 3368 1356 3390 una
1386 3361 1400 3390 ὲ

502 3404 651 3451 captivis
678 3399 784 3444 suafit
821 3402 900 3436 aliis
938 3402 1093 3436 Troianis
1131 3401 1333 3437 mulieribus
1360 3412 1400 3436 ut

504 3455 608 3483 naves
639 3449 839 3492 (iratorum
870 3455 1063 3494 cremarent
1093 3443 1198 3487 iuxta
1220 3448 1399 3493 Sybarim,

1451 2357 1600 2395 randum
1624 2356 1706 2391 dato
1728 2354 1887 2389 triduum
1919 2355 1986 2390 Dei
2016 2353 2123 2391 verba
2146 2357 2278 2402 populo
2302 2353 2355 2390 fe-

1448 2412 1572 2439 cerunt
1599 2426 1609 2437 .
1646 2404 1780 2447 Qarta
1804 2410 1886 2434 vero
1918 2399 1973 2435 die
1996 2401 2116 2436 altaris
2141 2400 2241 2436 sacris
2271 2402 2353 2439 rite,
2400 2419 2401 2422 =

1450 2461 1488 2484 ac
1511 2449 1666 2494 religiose
1693 2444 1839 2493 per-attis
1857 2445 2078 2482 Eucharistiae
2099 2447 2276 2481 viaticum
2295 2447 2356 2480 in-

1450 2495 1548 2541 genti
1573 2506 1654 2529 cum
1678 2492 1904 2527 veneratione
1933 2489 2074 2525 sumunt
2092 2516 2101 2526 .
2143 2493 2271 2531 Daniel
2297 2490 2351 2526 so-

1450 2543 1589 2576 ciorum
1617 2538 1716 2585 pedes
1742 2536 1874 2576 abluit3
1898 2536 1980 2571 inde
2000 2545 2056 2570 eos
2083 2536 2124 2572 ad
2140 2538 2355 2582 martyrium

1451 2585 1646 2620 constanter
1673 2580 1887 2617 subeundum
1910 2583 2064 2616 roborat.
2090 2584 2263 2629 Sequente
2288 2594 2350 2616 ve-

1453 2644 1491 2666 ro
1512 2626 1732 2664 illucescente
1746 2625 1800 2660 die
1814 2649 1825 2664 ‚
1848 2639 1922 2673 quae
1937 2625 2127 2662 Sabbatum
2143 2635 2240 2666 erat,
2261 2625 2354 2673 spar-

1455 2674 1497 2711 sis
1521 2673 1617 2720 super
1650 2676 1766 2721 capita
1804 2670 1846 2707 de
1882 2684 1979 2707 more
2014 2671 2192 2708 cineribus
2226 2673 2353 2707 urbem

1456 2721 1606 2755 lubeunt
1629 2741 1640 2758 ‚
1677 2715 1853 2752 Christum
1893 2717 2006 2754 lesum
2044 2729 2104 2764 per
2128 2728 2205 2752 eam
2229 2717 2352 2763 pasfim

1459 2763 1632 2810 intrepide
1655 2763 1844 2810 praedicant
1873 2775 1882 2797 z
1911 2765 1949 2798 in
1974 2774 2126 2810 eumque
2147 2760 2256 2796 solum
2277 2774 2354 2797 cre-

1459 2812 1578 2846 dentes
1614 2813 1812 2844 animarum
1847 2806 1994 2845 salutem
2019 2809 2146 2854 assequi
2176 2807 2265 2852 porse
2292 2819 2354 2841 au-

1455 2855 1576 2891 denter
1615 2854 1764 2890 afferunt
1789 2875 1800 2891 ‚
1827 2857 2068 2898 Agarenorum
2108 2853 2352 2897 ignorantiam

1456 2901 1556 2937 fimul
1576 2902 1606 2936 &
1625 2899 1813 2935 stultitiam
1834 2908 1986 2943 arguunt
2000 2921 2011 2937 ‚
2035 2897 2128 2942 quod
2153 2897 2282 2937 omiffog
2298 2900 2353 2931 vi-

1457 2957 1498 2982 tae
1525 2945 1619 2980 fonte
1639 2967 1652 2984 ‚
1679 2947 1708 2979 &
1733 2947 1932 2979 animarum
1959 2942 2067 2978 salute
2091 2942 2227 2977 Christo
2250 2942 2347 2986 lesu,

1456 2992 1549 3028 idola
1574 2989 1671 3026 surda
1696 2991 1727 3024 &
1754 2999 1854 3023 muta
1881 3010 1893 3027 ‚
1927 2990 2126 3035 quinetiam
2155 2990 2191 3021 in
2218 2989 2267 3020 eis
2287 2988 2354 3022 ἀρε-

1456 3048 1601 3075 mones,
1619 3045 1791 3071 creaturas
1814 3032 1953 3078 insuper
1977 3043 2113 3069 caeteras
2137 3041 2176 3068 ut
2195 3033 2274 3067 deos
2291 3044 2350 3066 co·

1457 3085 1581 3119 lerent.
1605 3083 1777 3116 Caeterum
1803 3078 1847 3113 ab
1874 3082 2043 3123 Agarenis
2070 3079 2112 3112 ad
2137 3088 2251 3122 regem
2281 3086 2351 3112 tra-

1456 3129 1616 3166 huntur,
1631 3136 1734 3172 atque
1756 3123 1805 3158 ibi
1830 3124 1922 3158 illuli
1946 3128 2043 3170 prius
2059 3145 2071 3162 ‚
2091 3122 2275 3169 problsque
2297 3121 2347 3156 as-

1457 3185 1536 3220 pere
1561 3173 1727 3218 increpiti
1746 3191 1756 3208 ,
1792 3170 1883 3217 quod
1917 3170 2003 3203 talia
2027 3168 2210 3215 praedicare
2240 3167 2346 3200 aude-

1458 3227 1558 3256 rent,
1579 3215 1751 3253 verberib.
1777 3214 1857 3249 inde
1879 3222 1919 3250 ac
1943 3216 2054 3262 plagis
2075 3213 2156 3249 saeve
2184 3210 2348 3246 afficiun-

1459 3273 1539 3298 tur.
1581 3265 1678 3308 Qos
1705 3272 1763 3296 rex
1786 3261 2010 3295 contumeliae
2033 3262 2144 3306 gratia
2170 3256 2347 3301 capitibus

1457 3309 1605 3348 abmfis,
1631 3319 1706 3354 quae
1733 3306 1859 3341 christi
1883 3326 1894 3344 ‚
1931 3307 1963 3339 δε
1987 3311 2185 3340 animarum
2226 3301 2349 3336 salutis

1458 3354 1536 3389 sunt
1575 3353 1733 3390 autlafiler
1775 3352 1957 3398 loquentes
1991 3361 2072 3385 cum
2097 3347 2348 3392 conlpexiffet‚

1457 3399 1572 3434 fatuos
1594 3401 1760 3446 opinatus
1785 3395 1903 3431 ferreis
1926 3392 2155 3439 compedibus
2174 3394 2246 3426 dies
2272 3392 2350 3428 0510

1457 3446 1653 3493 mancipari
1680 3440 1793 3478 iuffit.
1830 3439 1914 3479 Inde
1937 3441 1980 3477 ad
2004 3442 2036 3478 se
2059 3438 2101 3474 de
2128 3441 2266 3514 integr&
2288 3439 2348 3473 ad-

2268 3493 2305 3515 u-

2167 1452 2355 1485 Te:.untur
2402 1464 2404 1466 ·
