2404 3882
113 327 195 371 54?

333 313 415 356 DE
430 313 735 375 ANTIQJIT.
747 310 822 355 ET
834 309 1015 353 VARIA
1031 304 1601 350 TARENTAEORTUNA.

1777 310 1864 362 ‘546

61 411 206 451 retiam
230 409 328 444 enim
364 416 529 455 poterant
569 408 760 443 Tarentini
797 404 1009 445 memoriaA
1025 405 1189 453 quamvis
1214 399 1366 436 absentis
1394 400 1553 445 prostrati
1581 412 1713 446 genua,
1742 401 1805 445 ίῖςι
1830 415 1923 449 quae-

63 462 216 505 repetere
251 454 350 489 illius
375 452 604 489 adolescentis
642 454 801 489 insuam
839 452 968 485 civita-

63 509 135 537 tem
162 499 449 535 benevolentiam
473 523 483 532 .
524 502 617 534 Nam
654 511 735 534 curn
771 497 967 543 provinciis

67 546 215 593 praeeflet
240 547 327 580 vivo
351 553 438 579 tunc
464 550 560 589 p'atre
585 566 596 582 ,
626 543 807 579 liberalem
830 545 865 576 in
893 543 968 586 pri-

68 592 284 636 vilegiorum
306 588 579 623 confirmatione
605 587 636 623 se
666 589 846 630 prrestitit.
871 590 972 623 Non·

68 635 154 671 dum
176 633 330 669 Andreas
356 635 557 669 Zancanius
596 635 718 675 (hunc
741 636 839 667 enim
867 637 970 667 Sena-

66 689 125 716 tus
153 681 309 723 legatum
331 677 547 724 designarat)
571 678 765 713 discefferat
791 700 802 716 ‚
828 681 858 712 δε
883 680 972 712 Ora-

70 736 164 760 tores
182 723 437 770 Hispaniarum
464 727 566 769 Regis
591 745 602 762 ‚
631 722 805 758 Ludovici
831 721 971 758 Medio-

67 770 269 807 'lanensum
307 768 406 802 ducis
441 791 454 808 .,
491 771 521 803 &
558 771 736 815 imprimis
777 768 971 804 Alexandri

67 814 254 853 Pontificis
278 815 432 850 Maximi
448 816 621 849 Venetias
645 814 886 859 appulerunt,
911 816 973 856 qui

69 865 250 896 Senatores
276 858 504 895 admonerent
520 881 531 898 ,
554 871 603 894 ne
626 860 665 893 in
692 860 973 894 Tarentinorum

1025 454 1169 491 sumus,
1192 445 1434 494 permolestum
1449 470 1458 479 .
1482 444 1625 479 Liberos
1647 446 1782 489 posthac
1807 447 1923 482 cuius-

1026 498 1114 534 libet
1137 495 1241 531 status
1270 494 1511 528 Tarentinos,
1536 502 1604 523 non
1623 489 1733 524 servos
1758 515 1768 529 ‚
1797 503 1835 525 nt
1863 494 1927 533 qui

1024 544 1120 580 bello
1142 541 1359 583 capiuntur,
1385 534 1558 584 poscimus
1573 561 1581 569 .
1607 535 1696 579 leges
1711 558 1721 574 ‚
1743 538 1924 581 magistra-

1029 587 1175 634 tusque,
1197 582 1328 630 quibus
1353 591 1457 616 antea
1471 580 1706 626 degebamus,
1734 580 1843 615 salvos
1868 594 1924 626 pe-

1029 637 1164 671 timus,
1187 625 1382 674 integrosq3
1404 625 1496 660 bona
1519 625 1629 660 nostra
1647 647 1658 663 ‚
1680 638 1755 674 quae
1780 635 1832 660 tot
1855 628 1931 659 cla-

1030 679 1135 714 dibus
1156 678 1218 712 vix
1250 684 1360 722 pauca
1386 669 1656 718 conspiciuntur
1680 693 1691 710 ‚
1727 670 1837 705 nostra
1863 670 1925 705 effe

1033 734 1216 775 precamur
1259 743 1270 760 ,
1305 717 1518 762 nullumque
1557 718 1639 760 Regi
1679 717 1826 761 veSligal
1863 726 1927 760 pro

1031 771 1153 807 damni
1180 765 1309 813 recepti
1348 761 1459 809 specie
1499 760 1705 797 solvendum
1744 761 1932 803 recepturi.

1031 816 1220 853 Gallorum
1236 818 1397 858 praeterea
1423 805 1550 847 duces,
1578 809 1666 854 qui,
1691 809 1722 841 δε
1750 805 1809 851 {pfl
1838 807 1931 849 lega-

1031 873 1085 899 tos
1103 858 1286 895 nobiscum
1311 851 1433 890 misere
1458 874 1468 891 ,
1493 864 1576 887 cum
1603 861 1678 887 toto
1696 850 1850 899 praefidio
1873 852 1931 883 in-

68 903 209 940 causam
233 901 393 938 adversus
420 905 700 947 Neapolitanum
729 907 857 950 Regem
871 903 901 939 se
927 907 1017 946 iti-B
1035 907 1166 943 tanos,
1193 895 1452 944 inviolatosque
1473 900 1511 932 in
1525 898 1680 932 Galliam
1708 892 1935 943 usquetrans-

71 949 269 988 sinuarent.
294 950 428 985 Veneti
457 961 528 986 non
552 951 661 984 minis
687 951 826 989 territi,
851 948 907 985 sed
933 951 985 984 la-

70 995 221 1032 borem,
247 1005 352 1040 quem
370 993 638 1038 praevidebant,
663 992 790 1029 forent
815 1006 899 1031 cum
928 997 984 1030 in·

76 1039 174 1074 vidia
198 1047 409 1084 paterentur
434 1062 444 1079 ‚
470 1039 670 1074 devitantes
698 1062 710 1080 ,
741 1041 984 1080 Zancanium‚

77 1097 124 1119 ne
137 1092 266 1122 navem
293 1081 540 1122 conscenderet
558 1106 569 1123 ‚
595 1087 624 1119 δι
641 1086 839 1121 Tarentum
856 1085 887 1120 se
902 1097 985 1120 con«

75 1129 183 1166 ferret
206 1150 219 1168 ,
242 1129 503 1164 continuerunt
526 1151 538 1168 ‚
581 1130 786 1176 iniunSloq3
808 1143 911 1165 onere
937 1133 986 1165 le-

76 1183 213 1219 varunt
238 1198 250 1207 ·
289 1176 386 1209 Dum
411 1174 481 1209 haec
506 1173 633 1209 fierent
657 1198 670 1215 ‚
711 1187 782 1209 non
808 1174 983 1211 cessabant

80 1220 271 1255 Tarentini
297 1229 380 1253 cum
404 1221 522 1254 Gallis
548 1221 644 1253 intra
671 1223 804 1255 moenia
829 1221 873 1255 ab
888 1217 985 1256 exer-

79 1263 217 1301 citibus
242 1266 327 1311 lepti
351 1274 414 1309 pro
439 1265 538 1299 virili
564 1262 596 1296 se
620 1264 831 1300 defendere.
855 1265 984 1300 Crevit

80 1318 202 1346 tamen
234 1309 272 1344 in
287 1317 386 1343 tanta
411 1309 552 1344 biennii
576 1307 646 1343 sere
660 1309 841 1345 obsidione
867 1321 982 1345 rerum

81 1357 250 1390 omnium
275 1355 394 1399 inopia
411 1376 422 1394 ‚
447 1362 488 1388 ut
511 1353 747 1394 moribundi,
772 1359 802 1391 δι
827 1355 870 1390 ab
897 1360 984 1391 Ara-

1040 954 1139 989 mitti
1169 972 1181 989 ,
1218 955 1380 991 rogamus
1402 964 1413 981 ‚
1448 954 1487 977 ac
1513 942 1731 978 obsecramus
1755 967 1765 976 .
1801 944 1883 976 Haec
1911 937 1937 973 fi

1040 989 1284 1035 *concedentur
1303 1012 1313 1027 ς
1338 990 1407 1025 1'3m
1435 989 1637 1023 Tarentina.³
1661 996 1765 1034 portae
1800 990 1934 1031 Arago-

1042 1041 1207 1082 nensibus
1235 1033 1416 1082 patescunt
1439 1055 1450 1072 ,
1482 1032 1726 1076 ingrediamur
1748 1055 1760 1072 ,
1797 1029 1940 1078 quando

1042 1087 1194 1125 libitum
1222 1084 1354 1118 fuerit,
1378 1079 1608 1113 dominentur
1637 1081 1671 1112 in
1698 1078 1810 1112 nostra
1835 1075 1934 1113 urbe,

1043 1144 1084 1171 ut
1110 1128 1266 1168 Alsonli,
1291 1134 1330 1159 ut
1356 1122 1592 1161 perdurandi,
1617 1125 1708 1157 nihil
1735 1122 1778 1156 est
1804 1143 1815 1160 ,
1839 1117 1934 1163 quod

1043 1192 1100 1216 eos
1127 1172 1298 1220 impedire
1319 1168 1421 1215 possst
1450 1193 1459 1202 .
1490 1170 1562 1202 Rex
1587 1171 1715 1202 certior
1750 1179 1808 1212 per
1830 1163 1942 1200 caesa-

1044 1237 1117 1262 rem
1137 1221 1178 1254 de
1206 1219 1270 1253 hac
1293 1215 1468 1259 legatione
1491 1211 1624 1251 fastus,
1651 1225 1720 1247 non
1748 1221 1820 1246 tam
1845 1208 1943 1244 urbis

1043 1264 1243 1305 obtinendae
1268 1259 1436 1295 desiderio
1457 1281 1468 1298 2
1505 1258 1597 1302 quod
1635 1261 1833 1293 maximnm
1863 1255 1943 1300 qui-

1042 1315 1233 1351 demetat,
1259 1303 1364 1353 quam
1387 1306 1539 1342 timens,
1564 1316 1605 1337 ne
1623 1306 1705 1348 Regi
1729 1305 1944 1338 'surcarunn

1044 1363 1101 1396 cui
1134 1355 1246 1392 vicini
1282 1350 1361 1386 sunt
1400 1349 1643 1391 Tarentinib(
1669 1347 1760 1389 quod
1800 1345 1946 1392 quidem

82 1399 223 1447 gonicis
244 1398 399 1434 ducibus
424 1402 556 1435 tentati
583 1422 594 1439 ,
636 1399 676 1433 ad
702 1399 928 1436 deditionem
955 1399 1027 1445 seC
1044 1412 1231 1448 nunquam
1251 1396 1313 1445 ipsi
1345 1396 1592 1440 cogitaverunt
1616 1415 1627 1433 a
1663 1403 1703 1428 ut
1736 1403 1778 1427 ΕΞ(
1803 1399 1946 1425 senatus

85 1444 260 1480 inclinare
284 1447 459 1487 coeperint
485 1456 495 1477 r
523 1443 562 1478 el>
579 1446 692 1490 magis
719 1467 731 1486 ‚
760 1448 842 1491 quia
865 1445 988 1481 frustra

84 1483 105 1525 ἃ
129 1488 258 1523 Carolo
282 1491 471 1526 Gallorum
505 1488 593 1524 duce
632 1492 765 1525 auxilia
801 1489 992 1537 sperarent.

83 1537 134 1572 Et
156 1534 227 1575 iam
251 1534 316 1580 ipsi
342 1534 467 1571 urbem
501 1546 628 1580 magna
669 1547 713 1569 ex
738 1545 837 1583 parte
860 1537 994 1575 :muni-

87 1580 248 1625 tioreque
284 1578 440 1616 dirutam
468 1601 480 1620 2
514 1591 613 1625 agros
636 1582 854 1626 pervastatos
880 1604 891 1620 ‚
917 1582 994 1615 ani·

85 1624 196 1662 malia
221 1628 341 1660 omnia
367 1624 478 1661 occisa
499 1648 511 1664 ,
536 1623 782 1670 piscationem
818 1626 992 1672 perditam

87 1669 203 1703 oculis
228 1669 420 1707 cernebant
446 1695 457 1706 .
479 1672 584 1715 Quin
612 1670 652 1705 ad
679 1680 815 1706 tantam
845 1670 991 1705 vivendi

89 1723 326 1756 pervenerant
355 1714 535 1752 miseriam
560 1737 573 1754 ,
612 1723 654 1750 ut
673 1727 775 1751 canes
802 1738 814 1755 ,
838 1728 957 1751 mures
980 1736 992 1754 ,

87 1759 274 1794 bestiarum
296 1781 308 1798 ‚
332 1773 407 1807 quae
433 1763 530 1796 intra
551 1760 678 1795 urbem
713 1770 813 1796 erant
836 1784 848 1801 ‚
871 1763 990 1797 coria·

86 1802 182 1840 fame
205 1805 439 1842 invalescente
453 1827 465 1845 ‚
488 1805 711 1841 comedentes
735 1807 909 1842 stomacho
932 1808 993 1841 he·

85 1848 228 1889 betari,
251 1861 291 1885 ac
315 1850 534 1896 languescere
550 1851 684 1890 indies,
708 1853 894 1898 vitamque
911 1851 992 1886 diu-

1046 1447 1218 1486 consultis
1241 1442 1398 1484 constat)
1421 1439 1454 1473 [e
1476 1437 1667 1477 dederent,
1694 1449 1776 1472 cum
1800 1444 1946 1481 magna,

1049 1500 1080 1533 ει
1105 1492 1168 1528 suae
1186 1489 1336 1525 ditionis
1351 1508 1362 1524 ,
1389 1488 1418 1520 δι
1434 1485 1543 1519 totius
1558 1484 1667 1519 ltaliae
1688 1483 1818 1524 jaetura
1834 1504 1844 1520 ‚
1870 1489 1948 1524 atq3

1050 1538 1234 1589 pernicie,
1262 1535 1373 1580 petita
1398 1529 1514 1564 statim
1535 1529 1725 1568 concedit,
1751 1530 1781 1561 &
1800 1526 1947 1568 majora,

1051 1600 1090 1626 ac
1115 1583 1274 1630 graviora
1292 1576 1508 1624 polliceturz
1537 1576 1565 1608 ὃ(
1594 1573 1698 1608 scribi
1723 1595 1734 1613 2
1756 1573 1870 1607 veluti
1899 1571 1950 1605 le-

1051 1644 1108 1680 ges
1131 1640 1194 1664 aere
1219 1621 1344 1659 incisas
1359 1629 1598 1668 perpetuoque
1622 1617 1826 1656 servandas,
1856 1618 1950 1662 lega·

1048 1685 1167 1715 torum
1232 1666 1395 1714 toposwtas
1415 1666 1510 1706 iussit
1545 1666 1768 1701 conditiones
1803 1662 1843 1696 ad
1872 1662 1950 1696 ’ἧκε

1049 1721 1122 1758 fere
1146 1731 1202 1752 ver
1233 1727 1249 1749 a
1273 1728 1281 1748 ι
1310 1711 1429 1747 Liberi
1466 1712 1662 1746 Tarentini
1699 1705 1951 1751 immunesque

1049 1763 1260 1806 cuiuscunq3
1284 1756 1418 1792 ordinis
1446 1755 1584 1801 posthac
1624 1760 1659 1792 in
1687 1763 1808 1798 utraqs
1833 1752 1954 1786 sicilia

1051 1813 1154 1849 sunto
1182 1834 1191 1844 .
1219 1809 1301 1840 Suos
1321 1801 1465 1837 vivendi
1489 1802 1578 1835 ritus
1603 1824 1614 1840 ,
1641 1796 1953 1842 consuetudinesq3

1051 1855 1321 1897 maqistratuum
1353 1844 1600 1892 eligendorum
1631 1845 1738 1880 salvas
1767 1843 1950 1878 habento.

90 1899 162 1931 tius
183 1897 300 1931 vivere
328 1908 400 1932 non
429 1896 518 1940 poffe
543 1895 740 1931 sentiebant
762 1922 772 1930 .
799 1898 1033 1945 convene-D
1047 1897 1211 1945 Vestignl
1238 1893 1501 1940 Regidpasthac
1533 1912 1545 1929 2
1579 1892 1671 1935 quod
1705 1902 1777 1924 non
1803 1888 1884 1923 effer
1911 1897 1954 1922 ex

89 1949 179 1977 runt
200 1940 343 1978 tandem
382 1953 464 1976 cum
489 1942 604 1976 Gallis
629 1962 640 1980 ,
673 1943 734 1988 qui
772 1945 807 1977 in
835 1939 989 1989 pra-’sidio

90 1997 219 2026 erant,
241 1996 281 2022 ut
305 1988 346 2022 ad
371 1987 501 2022 hostem
516 1988 620 2033 legati
647 1986 840 2022 deditionis
866 1985 992 2022 condi-

91 2035 208 2068 tiones
233 2032 362 2078 utrisq,
387 2032 559 2080 proficuas
593 2031 736 2066 relaturi
777 2033 993 2067 destinaren-

94 2087 153 2114 tur
172 2103 182 2112 .
206 2077 446 2112 Consentiunt
470 2078 568 2112 Galli
595 2097 607 2115 ‚
634 2080 696 2118 qui
722 2075 753 2110 se
779 2078 931 2124 perditos
957 2088 995 2109 o-

85 2127 223 2159 >mnino
249 2122 445 2161 videbant,
470 2122 504 2156 id
518 2121 592 2157 fieri
608 2143 621 2160 ,
646 2121 860 2162 dummodo,
889 2119 994 2166 &ipsi

91 2171 243 2214 iuntsslim
271 2175 352 2202 cum
380 2169 588 2202 Tarentinis
613 2168 718 2212 legati
751 2170 996 2203 mitterentur.

134 2219 171 2250 ui
192 2213 232 2250 ad
258 2214 324 2248 hoc
348 2211 446 2247 eleffl
472 2211 622 2247 fuerunt
647 2235 659 2251 ‚
696 2213 864 2248 Caesarem
891 2221 1000 2246 terre-

101 2263 205 2299 stium
219 2261 403 2304 copiarum
418 2257 543 2293 ducem
566 2258 697 2292 adeunt
713 2279 723 2296 ‚
744 2266 890 2304 regant,
915 2267 1001 2289 cen-

99 2311 242 2343 cionem
269 2311 411 2347 cogeret
431 2324 442 2341 ,
467 2311 508 2337 ut
533 2302 655 2336 audito
679 2324 692 2342 ,
728 2303 812 2350 quid
841 2302 973 2338 vellent
989 2321 1000 2337 ,

99 2355 265 2390 omnium
282 2347 409 2384 assensu
439 2347 480 2381 ad
496 2351 624 2392 Regem
652 2347 878 2393 perferretur.
897 2348 999 2381 unus

101 2402 153 2434 ita
177 2397 292 2432 dicere
319 2391 412 2427 orsus
432 2393 501 2428 est:
529 2394 578 2426 Ea
604 2392 736 2439 semper
755 2393 830 2427 du'x
855 2390 1000 2428 invisi&

102 2444 215 2481 nostra
239 2439 334 2477 fuit,
359 2449 440 2483 erga
469 2442 580 2483 Reges
605 2438 859 2484 Neapolitanos
883 2460 894 2476 ,
918 2435 1002 2471 fides

101 2498 142 2527 ut
172 2490 261 2524 mori
287 2484 405 2531 potius
430 2484 576 2524 maiores
601 2484 707 2518 nostri
737 2506 748 2521 ‚
774 2485 805 2517 &
833 2495 896 2518 nos
924 2480 1005 2514 illo-

103 2533 183 2571 rum
208 2530 352 2574 vestigia
375 2526 484 2563 secuti
506 2550 520 2567 ,
554 2528 763 2572 elegerimus
785 2550 797 2567 ‚
826 2540 934 2574 quam
959 2526 1004 2558 il-

102 2581 177 2616 lam
213 2573 403 2623 aliquando
433 2573 602 2608 violare:
654 2572 815 2608 ceffimus
850 2571 1001 2618 tempori

102 2623 286 2674 quandoq3
321 2622 353 2655 δε
379 2620 492 2655 veluti
530 2616 689 2652 membra
725 2620 834 2664 capiti
870 2616 1002 2662 semper

104 2668 307 2706 adhaefimus
334 2691 344 2702 .
382 2668 474 2700 Nam
502 2662 602 2710 quod'
624 2663 789 2709 Neapolis
808 2662 903 2701 gfecit
928 2683 940 2700 ,
967 2658 1002 2692 id

103 2727 168 2752 nos
193 2713 304 2748 facere
332 2709 478 2744 decebat
506 2734 516 2743 .
553 2706 702 2743 Adversa
744 2709 1004 2755 Aragoniorum

103 2759 268 2797 fortuna,
292 2766 450 2801 tempora
476 2764 550 2790 tam
577 2755 674 2787 varia
699 2776 711 2793 ‚
736 2765 812 2800 quae
839 2764 921 2788 cnm
947 2749 1004 2783 di-

106 2805 296 2841 scrimine,
316 2803 348 2834 δε
370 2802 567 2838 bonorum,
590 2801 621 2833 δε
642 2800 723 2834 vitae
753 2822 764 2838 ,
788 2801 818 2833 δε
843 2809 924 2833 cum
943 2806 1003 2828 ur-

107 2850 164 2887 bis
186 2850 296 2883 etiam
324 2849 436 2881 totius
459 2843 660 2892 perditione
694 2843 836 2878 'sumus
865 2841 1000 2888 experti

106 2900 298 2930 coeoerunt
316 2889 446 2929 morib,
473 2899 632 2935 utquam
646 2890 761 2924 Gallis
785 2887 891 2924 fidem
918 2897 1002 2929 prae-

108 2926 304 2977 stitr‘e'ramus
339 2935 357 2970 ὲ
383 2936 629 2981 Neapolitanis
657 2937 752 2980 prius
790 2934 1002 2979 praestitam,

106 2984 344 3021 servaremus,
369 2992 472 3027 proq,
496 2992 534 3014 ea
558 2990 683 3025 parum
704 2981 871 3013 duximus
898 2998 908 3014 ,
938 2987 1000 3008 ne-

114 3030 317 3077 gleximus,
340 3025 433 3073 quod
447 3037 537 3071 pane
564 3025 680 3059 mileti
709 3036 751 3059 ex
765 3022 897 3058 furfure
919 3032 1007 3054 con-

106 3075 224 3112 festo,
249 3081 321 3117 quo
347 3082 473 3116 genere
500 3081 602 3104 canes
627 3068 815 3116 pascuntur
842 3089 854 3106 ,
878 3063 1006 3100 divesci

114 3126 339 3165 cogeremur,
358 3114 545 3150 sordidiore
571 3116 636 3148 illo
661 3113 830 3160 quidem,
857 3114 888 3146 &
915 3114 1011 3146 inte·

111 3169 204 3203 riora
225 3160 270 3196 ob
294 3160 487 3195 ficcitatem
503 3159 751 3204 adstringente.
776 3160 921 3194 urticas
947 3158 1009 3190 vix

114 3209 251 3245 costas,
273 3216 318 3240 ne
335 3206 392 3239 vel
405 3204 546 3249 sapore,
569 3204 625 3238 vel
648 3206 782 3238 innatis
805 3202 1008 3238 laederemur

115 3253 269 3291 aculeis,
292 3252 431 3296 quoties
456 3247 696 3283 esitavimus¹.2
721 3249 782 3284 Sed
806 3246 911 3282 modi»
934 3258 1011 3280 om-

116 3299 224 3335 nibus
244 3295 315 3337 iam
342 3293 488 3342 perditis
509 3297 691 3328 extenuati
705 3304 875 3339 corpore,
897 3292 1010 3336 pallo-

118 3355 153 3380 re
179 3365 192 3381 ,
214 3353 253 3376 ac
281 3342 393 3374 livore
418 3339 521 3373 idolis
542 3335 623 3372 fasti
651 3339 826 3372 simillimi
851 3358 863 3375 ,
890 3346 1012 3381 pacem

117 3388 252 3424 oraturi
277 3407 290 3425 ,
326 3386 513 3428 veniamq3
531 3384 709 3417 exoraturi
744 3380 762 3416 a
786 3383 887 3416 sociis
911 3379 953 3416 ad
978 3390 1011 3413 te

118 3431 213 3468 miffi
236 3429 356 3466 sumus
381 3451 393 3468 ‚
425 3438 533 3473 quam
558 3427 677 3472 largiri
713 3427 768 3462 his
791 3423 1013 3461 conditioni-

117 3477 182 3512 bus
208 3487 224 3515 ¹,
264 3487 377 3522 neque
403 3475 472 3508 tibi
491 3494 503 3510 ,
533 3483 648 3519 neque
677 3471 833 3506 Fiderico
855 3492 869 3510 ‚
904 3481 1012 3516 quem

118 3525 249 3568 Regem
283 3521 480 3566 accipimus
517 3537 532 3558 ‚
568 3518 881 3564 amplexamurque
914 3515 1012 3551 illius

1048 1947 1109 1984 usu
1122 1969 1133 1986 ‚
1156 1943 1201 1978 ob
1216 1943 1357 1976 veniam
1374 1936 1581 1973 defeStionis
1601 1941 1827 1983 impetratam
1845 1956 1855 1972 ‚
1880 1943 1956 1967 non

1051 1992 1240 2029 solvunto:
1267 1983 1461 2031 praesidium
1483 1982 1646 2017 militum
1677 1981 1785 2015 inviti
1815 1991 1884 2013 non
1903 1989 1956 2012 re-

1050 2039 1215 2082 cipiunto
1230 2058 1239 2066 .
1264 2029 1451 2064 Gallorum
1464 2027 1569 2061 duces
1592 2039 1674 2062 cum
1691 2034 1766 2060 toto
1783 2024 1842 2060 suo
1857 2034 1955 2058 exer·

1052 2085 1126 2119 citu
1155 2077 1280 2113 intueti
1307 2096 1318 2112 ‚
1339 2077 1368 2107 Sc
1391 2073 1490 2107 nulla
1518 2069 1632 2107 affeeli
1659 2072 1791 2112 injuria
1818 2071 1957 2103 Taren-

1054 2139 1092 2163 to
1119 2128 1154 2160 in
1181 2123 1366 2157 Galliam,
1396 2121 1425 2151 &
1454 2118 1591 2163 reliquo
1616 2129 1750 2161 regno,
1771 2115 1793 2150 si
1817 2115 1957 2151 volent,

1056 2173 1211 2208 abeunto
1237 2193 1244 2201 .
1284 2167 1338 2200 Sic
1361 2165 1474 2209 igitur
1516 2162 1671 2197 Fiderico
1704 2159 1734 2195 se
1763 2158 1958 2197 Tarentini

1054 2214 1267 2252 dediderunt
1291 2235 1302 2247 .
1336 2212 1413 2244 Vix
1446 2210 1617 2254 quintum
1652 2210 1688 2242 in
1715 2217 1797 2251 pace
1820 2214 1959 2240 annum

1057 2267 1263 2307 regnaverat
1300 2255 1371 2303 post
1396 2253 1582 2288 Gallorum
1610 2250 1790 2287 discessum
1831 2249 1961 2300 Fide-ri-

1059 2319 1119 2342 cus
1143 2327 1153 2342 ,
1185 2306 1215 2336 δι
1248 2304 1284 2336 in
1315 2312 1396 2334 eum
1417 2297 1506 2332 fa&a
1528 2297 1572 2331 est
1600 2310 1690 2332 nova
1713 2321 1725 2337 ,
1765 2295 1819 2331 sed
1845 2305 1958 2331 maior

1061 2350 1209 2395 Hispani
1225 2370 1236 2385 2
1257 2346 1580 2389 Galliciq3Regum
1595 2365 1607 2382 -,
1629 2340 1803 2377 Consalvo
1827 2350 1960 2385 magno

1061 2395 1141 2432 inde
1171 2415 1181 2433 ,
1204 2391 1396 2428 Namurtio
1429 2389 1514 2423 hinc
1545 2387 1696 2422 ducibns
1729 2385 1960 2433 conspiratio-

1061 2444 1315 2476 convenerant
1342 2435 1437 2469 enim
1465 2432 1703 2468 Ferdinandus
1727 2437 1801 2470 Rex
1832 2430 1961 2474 Hispa-

1060 2489 1125 2522 niae
1152 2482 1359 2517 Catholicus
1383 2477 1516 2517 dic-lus,
1542 2481 1573 2512 δι
1598 2478 1798 2514 Ludovicus
1824 2476 1966 2513 Gallus,

1060 2536 1223 2575 Regnum
1251 2528 1344 2560 inter
1365 2523 1394 2558 se
1418 2524 1576 2558 Fidei-ico
1591 2521 1734 2569 expulso
1749 2546 1760 2563 ‚
1787 2526 1964 2570 partiren-

1059 2588 1117 2611 tur
1141 2600 1151 2609 .
1186 2568 1404 2607 Ferdinando
1440 2577 1480 2602 ut
1505 2577 1625 2615 utraq3
1650 2568 1835 2604 obveniret
1859 2567 1966 2601 Cala-

1058 2622 1136 2657 bria
1164 2629 1247 2653 cum
1273 2625 1347 2650 tota
1374 2614 1505 2660 Apulia
1529 2635 1542 2654 ‚
1565 2617 1595 2649 &
1622 2615 1812 2650 salentinis
1834 2635 1846 2653 ‚
1870 2612 1965 2658 ibiq3

1059 2666 1242 2701 sortiretur
1265 2672 1395 2696 nomen
1438 2661 1548 2696 Ducis
1572 2659 1742 2694 Calabriae
1767 2682 1779 2698 ι,
1803 2662 1842 2698 A&
1867 2662 1965 2702 Apu-

1061 2713 1115 2747 liae
1143 2734 1154 2742 .
1188 2706 1370 2742 Ludovico
1391 2716 1511 2739 autem
1539 2715 1622 2740 cum
1649 2706 1792 2750 reliquae
1817 2704 1964 2751 provin-

1060 2759 1122 2791 ciae
1148 2776 1159 2793 ,
1192 2761 1270 2787 tum
1297 2754 1332 2784 in
1364 2752 1488 2794 primis
1514 2760 1586 2785 tota
1609 2752 1804 2795 Campania
1833 2774 1843 2783 .
1868 2752 1965 2781 Sam-

1060 2804 1164 2837 nium
1179 2821 1189 2837 ‚
1215 2797 1337 2844 populi
1354 2794 1572 2834 Marsorum,
1594 2799 1625 2831 &
1643 2795 1864 2838 Pelignorum
1879 2804 1964 2827 cum

1063 2848 1157 2890 regio
1181 2845 1326 2878 nomine
1349 2866 1359 2875 .
1386 2842 1502 2875 Tanta
1528 2851 1645 2875 autem
1665 2839 1861 2874 calliditate
1887 2842 1965 2873 Fer·

1021 2888 1208 2954 Fdinandi
1248 2897 1378 2921 nomen
1415 2887 1454 2919 in
1488 2883 1615 2923 fioedere
1650 2883 1863 2930 suppressum
1894 2884 1967 2922 est,

1062 2944 1101 2970 nt
1127 2933 1307 2969 Fidericus
1334 2928 1351 2963 ῗι
1379 2932 1521 2965 nemine
1548 2934 1587 2966 in
1614 2928 1685 2976 ipso
1708 2930 1838 2965 summi
1873 2930 1965 2975 peri-

1062 2980 1135 3014 culi
1163 2987 1259 3012 metu
1297 2977 1464 3017 majorem
1497 2988 1600 3023 opem
1625 2998 1636 3015 ,
1666 2985 1773 3021 quam
1809 2974 1827 3009 ὲ
1852 2973 1966 3009 Ferdi-

1063 3023 1181 3061 nando
1204 3019 1464 3066 consanguineo
1485 3044 1495 3060 ,
1520 3031 1677 3066 vetereq3
1704 3018 1764 3053 suo
1790 3018 1966 3054 defensore

1065 3068 1284 3114 expet‘hzret.
1309 3065 1370 3100 Sed
1396 3065 1580 3112 desperatis
1606 3067 1708 3100 rebus
1733 3076 1815 3100 cum
1842 3076 1965 3104 uxore,

1067 3118 1097 3150 &
1125 3114 1244 3147 liberis
1280 3113 1318 3146 in
1343 3111 1465 3145 isolam
1507 3114 1665 3146 Aenariae
1695 3108 1815 3145 insulae
1849 3121 1966 3145 arcem

1067 3157 1229 3203 confugit
1255 3177 1267 3192 ‚
1290 3155 1438 3200 iratusq3
1466 3155 1623 3202 Hispano
1652 3158 1768 3201 Regi,
1794 3153 1813 3189 a
1837 3166 1907 3202 quo
1935 3155 1965 3189 se

1066 3204 1273 3238 destitutum
1297 3201 1510 3246 querebatur
1536 3222 1548 3239 ,
1574 3212 1656 3235 cum
1680 3203 1869 3236 Namurtio
1891 3209 1967 3245 atq5

1067 3250 1258 3291 Obcnigno
1290 3246 1478 3280 Gallorum
1510 3245 1663 3280 ducibus
1697 3245 1864 3291 affignata
1892 3246 1966 3280 illis

1066 3305 1143 3330 arce
1169 3292 1402 3338 Neapolitana
1419 3289 1611 3335 transegit,
1635 3301 1675 3325 ut
1689 3290 1751 3325 fibi
1781 3289 1860 3328 turb
1881 3291 1967 3324 lice·

1065 3348 1117 3375 ret
1144 3339 1181 3372 in
1208 3337 1364 3372 Galliam
1390 3338 1580 3382 navigare,
1607 3334 1968 3382 expeririqslndovi·

1065 3386 1098 3418 ci
1122 3384 1224 3426 Regis
1247 3382 1475 3415 clementiam
1495 3393 1601 3430 quem
1617 3380 1760 3428 supplex
1787 3381 1866 3416 ess'et
1889 3380 1967 3413 adi-

1069 3438 1191 3464 turus.
1216 3428 1332 3461 Venia
1355 3437 1436 3475 ergo
1458 3426 1650 3472 navigandi
1674 3425 1718 3460 ab
1740 3427 1813 3459 illis
1854 3428 1966 3468 impe-

1069 3481 1160 3508 trata
1180 3473 1336 3505 contulit
1361 3472 1391 3505 le
1414 3470 1455 3505 ad
1487 3472 1708 3506 leudovicum
1724 3493 1735 3510 ‚
1757 3467 1776 3503 a
1791 3481 1861 3514 quo
1887 3472 1968 3514 qui·

1068 3518 1151 3555 dem
1173 3515 1245 3552 fuit
1270 3514 1505 3598 perbenignleVI
1524 3526 1684 3560 acceptus
1714 3537 1726 3556 ,
1763 3514 1816 3549 sed
1837 3513 1906 3593 gbl
1927 3516 1970 3547 in

1533 3572 1570 3596 m
1874 3570 1890 3593 a
1907 3578 1924 3588 ‹-
