2404 3882
154 162 200 201 33
395 142 728 187 AMBR

91 241 200 277 etiam
230 239 338 283 longe
361 237 506 274 inferior
541 240 684 276 habitus
705 235 746 272 fit
771 258 784 275 2
816 248 855 271 ac
875 239 987 273 veluti

89 284 305 333 pedetentim
331 281 573 320 consenescens
597 282 740 319 tandem
766 306 778 322 ‚
805 283 987 327 propulsus

89 330 131 367 fit
156 331 256 364 ltalia
284 353 294 362 .
318 328 420 376 Apud
445 331 574 365 Nolam
594 340 735 375 quoque
757 331 910 364 minimo
930 329 991 363 ab-

88 374 160 410 fuit
181 373 339 410 Annibal
357 398 367 413 ‚
394 383 435 408 ut
460 373 477 407 ὲ
502 374 670 410 Marcello
690 374 989 410 obtruncaretur&

87 422 288 467 iterumque
316 421 370 454 illi
389 432 484 456 arma
498 419 639 455 ferenda
666 421 818 455 Feretrio
839 421 918 465 Jovi
932 419 990 453 da-

87 474 234 500 rentur.
256 468 503 501 Veruntamen
527 468 674 500 interim
697 465 766 512 ipse
791 466 990 512 periculum

85 509 234 545 evadens
261 512 406 557 reliquit
429 523 578 557 puerum
601 509 864 547 dileffiffimum
880 510 993 555 Cyni-

87 565 132 602 pa
148 577 159 594 ,
178 553 388 599 deliciasque
413 556 510 595 luas,
548 558 605 590 cui
629 556 795 591 cassidem
827 558 868 589 L.
891 554 990 588 Pauli

89 601 182 636 dono
201 599 342 636 dederat
360 614 368 634 :
393 615 462 649 quo
476 602 688 637 obtruncato
715 597 763 637 ab⁴
780 600 907 635 illustri
934 599 988 640 ju-

87 653 176 680 vene
199 648 350 682 Pediano
383 649 555 684 Patavino
579 669 591 685 ,
620 645 764 692 inlignis
803 647 864 680 illa
890 644 989 690 galea

87 694 259 729 Romanis
284 694 439 729 restituta
459 694 533 728 est.·
549 693 639 735 Quis
663 702 734 726 non
763 693 872 725 etiam
897 697 987 724 nutu

87 736 212 772 divino
238 738 326 773 illud
349 739 427 773 urbi
445 739 542 773 Nolae
564 736 710 775 evenisse
734 735 980 772 affirmaverit,

86 781 254 818 Caesarem
294 785 488 827 Augustum
522 785 561 817 in
592 793 629 815 ea
659 780 754 817 diem
783 779 980 815 claudere?

88 838 158 873 quo
180 831 217 863 in
243 830 344 864 obitu
358 828 438 873 ⁷(ait
458 829 542 870 Dio)
561 826 669 861 stellas
685 836 981 868 comatas,atque

88 874 374 920 sanguinolentas
401 874 487 910 visas
510 872 574 909 else
596 897 605 905 .
624 874 712 913 Qua
732 886 794 918 pro
813 885 847 906 re
869 885 887 907 a
912 872 985 914 Ty-

86 921 185 956 berio
212 920 384 967 templum
399 919 553 965 Augusto
571 918 744 958 ereSZum,
762 927 865 964 atque
887 916 986 952 dedi-

85 974 207 1001 catum
228 966 271 1000 est
298 966 416 1000 Nolae:
444 973 482 998 ut
508 962 600 998 idem
632 973 755 1003 autor,
778 974 882 1006 atque
907 966 986 996 Soe-

87 1013 202 1047 tonius
224 1010 381 1046 scribunt
401 1032 413 1049 ,
441 1008 568 1056 nosque
588 1012 663 1044 eius
682 1008 771 1045 sedes
793 1032 805 1048 ,
827 1015 856 1043 Sc
879 1006 981 1045 vesti-

86 1059 144 1103 gia
162 1057 318 1092 vidimus
346 1080 356 1089 .
380 1057 471 1101 Qs
493 1057 603 1090 etiam
626 1067 697 1089 non
722 1055 763 1089 ad
790 1054 868 1090 deos
895 1049 985 1088 refe-

83 1110 138 1136 rat
164 1123 176 1140 ,
203 1114 274 1136 rem
294 1102 469 1136 Nolanam
492 1099 812 1145 spe&antes?vasta
832 1103 894 1138 illa
925 1098 984 1130 in-

85 1145 209 1182 cendia
231 1145 376 1182 Vesuvii
401 1151 534 1182 montis
567 1144 731 1181 accidisse
756 1147 982 1193 tempestate,

84 1194 115 1226 &
144 1194 290 1239 imperio
318 1195 437 1238 potius
465 1195 542 1228 Titi
566 1215 578 1232 ‚
602 1194 664 1238 qui
685 1191 924 1230 liberalitate,
950 1190 982 1222 δῦ

81 1236 242 1273 bonitate
267 1237 324 1272 sua
349 1237 593 1284 pessundatam
625 1238 670 1272 ab
696 1238 757 1272 illa
785 1238 1028 1298 ·conflagra-C

82 1285 179 1319 tione
193 1285 428 1331 Campaniam
450 1283 625 1318 restituit:
653 1293 693 1319 ut
718 1285 899 1318 Svetom'us
920 1292 980 1317 au-

83 1337 138 1366 tor
159 1330 223 1365 est.
246 1333 411 1375 Qorum
438 1329 610 1364 malorum
633 1342 706 1373 non
729 1341 874 1376 parvam
902 1340 980 1373 par·-

82 1381 157 1411 tem
179 1378 268 1411 Nola
293 1375 415 1410 sortita
440 1374 485 1410 est
523 1401 533 1410 .
568 1377 732 1423 Namque
773 1375 915 1411 tametsi
941 1375 980 1406 in

78 1421 170 1457 urbe
194 1422 286 1459 nihil
319 1421 442 1457 damni
478 1419 675 1467 susceptum
695 1423 741 1457 est
765 1435 775 1455 t
810 1425 848 1456 in
884 1421 981 1467 pagis

81 1477 203 1505 tamen
229 1491 240 1508 ,
267 1470 330 1514 qui
363 1469 458 1502 circa
494 1465 691 1504 Vesuvium
712 1478 811 1502 erant
839 1489 850 1506 ,
876 1466 985 1502 detri-

81 1523 202 1552 menta
228 1514 342 1548 multa
368 1511 500 1549 subivit
527 1540 537 1547 .
559 1514 605 1546 Ni
632 1513 722 1548 illud
746 1514 861 1549 multo
884 1513 985 1548 beni-

81 1562 188 1607 gnius
206 1557 479 1594 existimandum
502 1558 542 1594 fit
566 1581 577 1597 ς
606 1560 734 1594 Nolam
761 1557 873 1605 ipsam
909 1568 983 1592 non

83 1603 288 1645 eis,aliisve
312 1601 501 1640 Vesuvinis
527 1604 701 1641 incendiis
712 1605 864 1643 ,deletam
890 1603 955 1638 esse
969 1622 993 1639 τ’

85 1654 199 1688 veluti
213 1650 379 1686 Heraclea
395 1670 407 1687 ⁹
430 1654 459 1685 ὅ(
477 1653 634 1697 Pompeii
648 1648 744 1685 fuere
766 1649 984 1694 consumpti·

86 1701 225 1742 Agrum
241 1707 403 1743 qnoque,
427 1698 620 1744 urbemque
647 1696 776 1733 Nolam
800 1694 986 1731 {torrente

83 1743 261 1780 Abellano
297 1740 472 1778 defensam
497 1743 562 1777 esse
590 1764 602 1781 ‚
627 1753 740 1788 quum
773 1742 828 1777 illi
860 1739 981 1776 ruenti

83 1787 180 1834 quasi
199 1787 289 1822 obex
309 1786 409 1821 collis
437 1788 612 1835 oppolitus
636 1790 699 1828 fit,
720 1786 786 1824 sola
812 1786 980 1831 benigni-

84 1844 183 1874 tate,
207 1835 238 1867 &
253 1833 438 1868 voluntate
458 1834 584 1869 divina
605 1836 721 1871 aequm
731 1833 801 1869 esse
823 1835 980 1879 impium

82 1882 128 1918 est
156 1882 205 1915 ire
225 1877 362 1913 inficias
390 1904 399 1912 .
429 1882 560 1925 Magna
596 1883 796 1927 quinetiam
829 1878 981 1914 benevo-

83 1928 193 1964 lentia
214 1925 342 1961 Nolam
356 1947 368 1963 ,
383 1937 576 1973 agrumque
591 1929 773 1963 Nolanum
793 1929 844 1962 dii
868 1921 982 1971 prose·-

84 1974 160 2008 cuti
185 1971 287 2010 sunt,
310 1969 373 2006 ubi
387 1971 585 2018 profusione
607 1972 758 2018 quadam
781 1985 853 2008 non
869 1970 979 2005 {olum

82 2019 297 2056 liberalitate
324 2025 376 2051 tot
399 2020 596 2061 gratiarum
614 2020 710 2054 hunc
744 2019 954 2054 adornavere
969 2037 982 2055 ,

84 2076 169 2113 quas
206 2073 286 2099 tum
310 2064 387 2108 quis
413 2062 430 2096 a
455 2063 519 2097 deo
545 2067 683 2112 optimo
707 2063 875 2111 profeStas
903 2060 984 2100 esse,

87 2108 347 2145 evidentissime
366 2107 496 2143 viderit
522 2133 534 2150 ‚
557 2122 669 2157 quum
697 2113 901 2147 innumeras
928 2119 984 2142 ur-

87 2155 148 2191 bes
171 2166 310 2202 agrosve
337 2159 549 2200 compererit
571 2155 737 2191 omnibus
753 2179 764 2196 ‚
788 2165 847 2191 aut
870 2155 984 2201 pluri-

89 2202 159 2238 mis
183 2198 351 2235 eiusmodi
370 2202 493 2244 gratiis
520 2205 673 2247 privatos
691 2227 700 2236 .
724 2205 880 2237 Demum
901 2202 982 2245 quis

87 2258 162 2282 non
178 2245 364 2280 asseverate
388 2243 476 2278 ausit
499 2249 605 2282 etiam
624 2246 713 2281 illud
732 2247 863 2285 studio,
878 2256 981 2292 atque

88 2292 240 2332 decreto„
253 2289 405 2335 quodam
432 2288 554 2325 divino
578 2293 645 2328 esse
667 2294 763 2328 Nolae
787 2293 981 2328 tributum:

88 2339 281 2373 Neminem
304 2337 343 2370 in
372 2336 494 2371 Italica
521 2345 613 2373 terra
652 2338 851 2384 tempestate
873 2334 982 2382 prisca

87 2394 206 2430 regem
232 2390 294 2416 aut
313 2380 438 2416 ducem
471 2381 632 2428 inligniri
656 2386 842 2429 ornarique
873 2383 986 2416 excel-

61 2438 64 2440 ’
87 2429 180 2464 lenti
214 2438 342 2461 corona
364 2425 517 2473 potuisse
544 2451 556 2468 ,
588 2427 652 2463 nisi
685 2430 786 2464 illam
815 2429 868 2463 illi
896 2428 986 2462 Nola

87 2470 236 2510 misisset
263 2472 278 2506 ?
299 2471 480 2519 Siquidem
506 2475 684 2510 melilotos
715 2496 728 2514 ,
748 2486 854 2520 quam
874 2473 988 2516 serta-

91 2520 165 2554 lam
187 2523 394 2560 Campanam
422 2522 568 2554 nomine
591 2530 719 2555 vocant
742 2543 753 2559 ,
782 2520 887 2555 herba
917 2518 988 2553 flo-

87 2565 164 2603 rida
195 2564 241 2599 est
265 2576 275 2603 3
303 2576 341 2599 ac
374 2567 413 2598 in
437 2567 539 2600 Italia
577 2564 812 2601 laudatissima
841 2578 879 2599 ea
908 2564 953 2599 est
974 2585 986 2603 ‚

87 2623 164 2655 quae
192 2612 230 2645 in
256 2611 452 2657 Campania
481 2609 663 2652 nascitur3
686 2622 831 2646 coronas
855 2622 897 2646 ex
921 2610 985 2644 hac

89 2658 291 2703 antiquitus
316 2655 489 2691 faeritatas
506 2679 517 2695 ,
541 2657 674 2693 indicio
696 2657 740 2692 est
763 2669 893 2691 nomen
919 2654 986 2689 ser-

89 2703 172 2738 tulae
186 2716 196 2736 ·.
220 2700 314 2748 quod.
341 2705 528 2748 occupavit
542 2726 553 2744 ,
575 2710 616 2737 ut
628 2703 761 2738 Plinius
784 2702 925 2737 testatur
947 2700 988 2734 de

89 2749 230 2783 coronis
254 2745 406 2782 scribens
424 2772 432 2781 .
463 2750 709 2784 Veruntamen
739 2752 905 2794 Campana
928 2758 988 2792 ap-

90 2793 219 2840 pellata
236 2792 280 2827 est.
293 2814 304 2832 ‚
328 2805 403 2839 quae
417 2796 510 2830 circa
524 2795 652 2830 Nolam
667 2795 904 2841 pulcherrima
920 2795 992 2827 Ita·

89 2841 242 2875 licarum
259 2842 423 2874 omnium
446 2841 559 2875 oritur
573 2862 583 2879 ,
609 2850 648 2874 ut
663 2839 899 2884 Dioscoridem
926 2837 988 2871 do-

92 2882 201 2918 cuisse
215 2888 490 2920 'memoravimus
502 2912 510 2920 .
524 2886 655 2920 Arabes
671 2895 789 2920 autem
803 2882 910 2918 secuti
928 2896 989 2928 po-

94 2930 165 2962 tius
186 2928 284 2967 usus,
298 2931 671 2978 nomenclaturamque
693 2931 987 2976 Italormmquam

94 2976 298 3008 Graecorum
316 2978 567 3022 etymologiam
583 3000 594 3016 ,
619 2977 765 3013 herbam
786 2976 984 3020 appellave-

92 3029 179 3055 runt
200 3018 506 3058 Elcilelmelicum:
541 3035 703 3070 quae,vox
728 3021 874 3068 quadrat
901 3033 983 3055 cum

93 3066 225 3103 Latina
248 3076 331 3100 voce
353 3088 365 3105 ,
394 3078 472 3114 quae
493 3080 620 3104 corona
642 3071 736 3115 regia
762 3067 805 3102 est
834 3088 844 3104 7
871 3075 910 3100 ut
935 3068 990 3100 in-

93 3117 302 3192 tere-retatus
325 3112 369 3146 est
391 3118 486 3159 Symo
512 3117 567 3151 vir
594 3115 753 3150 Arabicae
776 3113 902 3156 linguae
929 3123 987 3158 pe-

93 3160 155 3192 riti
173 3158 281 3191 simus
293 3181 302 3190 .

93 3305 155 3333 re,
180 3294 397 3341 benignitati
422 3294 551 3330 divinae
576 3298 750 3342 placitum
773 3296 816 3331 est
833 3321 842 3328 .
869 3296 992 3335 Neque

93 3351 170 3373 mos
196 3339 388 3374 coronandi
425 3340 485 3374 ille
511 3340 764 3376 vetustissimus
803 3338 896 3386 apud
918 3342 993 3373 No-

91 3384 194 3420 lanos
218 3385 351 3421 deletus
369 3408 381 3428 ⁷
403 3385 624 3421 oblivionive
652 3386 801 3422 traditus
829 3387 897 3422 est.
922 3386 996 3420 Ve-
1050 3389 1177 3415 nentes
1205 3379 1373 3435 Nolqssiv

787 136 1133 188 0811'

325 3157 568 3202 Qamobrem
591 3174 633 3195 ex
655 3159 762 3195 herba
800 3169 838 3191 ea
860 3169 995 3192 coronae

94 3214 221 3248 regum
236 3227 247 3243 ‚
270 3204 325 3238 vel
349 3203 435 3238 serta
447 3207 724 3241 contexebantur
739 3228 750 3244 ,
764 3203 817 3239 sed
830 3201 998 3237 laudatis-

93 3245 178 3283 suna
196 3261 204 3283 ε
234 3260 340 3295 quam
354 3248 569 3285 solummodo
584 3252 766 3286 Nolanum
790 3260 914 3295 agrum
926 3247 994 3282 fer-

1186 143 1680 193 LEONIS
1854 161 1908 211 34·

1001 242 1040 281 A
1054 251 1087 274 re
1101 239 1138 273 n}
1153 236 1404 289 adolescentuli
1421 263 1432 280 ‚
1446 243 1638 289 puellaeque
1652 258 1694 282 ex
1710 259 1747 283 ea
1763 250 1869 286 herba
1893 252 1955 287 flo-

1047 282 1252 322 rentissima
1274 286 1450 321 concinne
1477 286 1678 336 affabreque
1713 295 1868 332 intexere
1896 308 1955 331 co-

1048 329 1176 367 rollas,
1205 327 1344 374 illisque
1370 333 1483 375 capiti
1510 342 1590 377 apte
1614 337 1786 379 impolitis
1807 346 1957 377 cantani

1047 376 1093 411 do
1121 372 1314 416 tripudiare
1340 374 1476 411 solent.
1505 378 1597 411 Illud
1623 392 1763 428 quoque
1790 386 1831 420 ad
1853 386 1957 422 beni-

1049 420 1226 467 gnitatem
1251 417 1414 456 divinam
1443 420 1667 460 referendum
1696 440 1704 460 :
1738 430 1830 473 quod
1859 433 1958 467 Nolae

1049 463 1130 500 urbi
1156 476 1228 497 nou
1252 463 1358 499 modo
1385 467 1452 501 alia
1479 468 1592 503 multa
1616 492 1627 508 ,
1654 470 1707 505 sed
1733 476 1842 509 etiam
1878 478 1957 512 vim.

1049 520 1237 555 campanas
1254 510 1460 546 inveniendi
1476 514 1605 558 largita
1623 516 1665 550 est
1683 526 1744 551 :ut
1764 530 1866 561 opera
1882 523 1958 555 No·-

1048 552 1284 607 lana·ubique
1314 564 1487 592 terrarum
1514 556 1696 595 sacrificiis
1725 572 1830 604 atque
1858 567 1956 600 creri-

1047 601 1178 651 mon1is
1203 620 1213 637 ,
1240 611 1315 645 quae
1351 612 1433 636 cum
1462 602 1556 638 divis
1580 626 1591 643 ‚
1618 614 1697 640 tum
1729 608 1834 654 iplius
1873 621 1956 645 erpa

1047 644 1259 685 majestatem
1285 656 1470 690 agerentur
1492 651 1523 681 ὃς
1540 659 1779 691 ornamento,
1806 657 1837 687 ὃς
1859 642 1957 689 adili-

1045 698 1167 727 mento
1191 687 1307 724 forent
1330 703 1340 729 3
1365 700 1469 738 atque
1494 702 1534 728 ut
1557 705 1683 738 parum
1712 697 1828 743 dignae
1853 711 1957 746 repu-

1047 735 1214 771 tabantur
1252 746 1375 780 regum
1411 741 1657 775 coronationes
1681 763 1692 780 ,
1718 743 1784 777 nili
1820 742 1956 779 sertula

1045 784 1226 824 Campana
1250 778 1380 832 fuitset,
1399 784 1538 818 intexta
1565 806 1576 823 ,
1602 789 1652 820 ita
1688 787 1812 824 divina
1836 788 1955 824 officia

1042 837 1082 861 ut
1105 825 1245 858 occulta
1277 829 1578 872 transigerentur,
1610 833 1647 864 ni
1664 844 1841 878 campanae
1867 835 1955 868 illu-

1043 872 1189 906 strarent
1214 871 1405 905 vocalitate
1434 895 1444 904 .
1473 876 1566 906 Nam
1595 886 1634 909 ut
1663 876 1789 912 sertula
1814 891 1954 914 nuncu-

1045 926 1124 961 pata
1147 914 1190 947 est
1206 917 1388 960 Campana
1403 938 1414 954 ,
1429 917 1524 962 quod
1552 920 1649 954 Nolae
1671 925 1806 967 optima
1826 927 1956 961 oritur:

1044 966 1096 996 ita
1137 958 1170 993 id
1207 958 1424 995 semivivum
1464 962 1742 1001 instrumentum
1783 979 1956 1014 campana

1044 1013 1293 1052 nuncupatum
1318 1005 1362 1039 est
1379 1028 1390 1044 ‚
1417 1007 1511 1052 quod
1539 1010 1636 1043 Nolae
1659 1013 1854 1047 inventum
1871 1025 1882 1052 3
1898 1023 1954 1048 at-

1042 1063 1108 1096 que
1124 1062 1203 1085 eam
1214 1050 1259 1084 ob
1275 1063 1349 1085 rem
1373 1052 1463 1085 Nola
1487 1051 1550 1086 fibi
1566 1054 1702 1099 inllgne
1729 1055 1835 1091 solam
1859 1069 1957 1094 cam-

1042 1108 1137 1142 panae
1176 1095 1327 1139 figuram
1371 1096 1551 1141 assumpsit
1577 1120 1588 1136 ²
1614 1109 1720 1147 atque
1754 1104 1914 1147 praetulit
1943 1117 1957 1140 ε

1040 1141 1132 1188 qnod
1159 1139 1264 1187 usque
1290 1139 1332 1174 ad
1359 1140 1469 1175 nostra
1510 1150 1667 1190 tempora
1704 1147 1745 1180 in
1778 1145 1954 1184 faciendis

1040 1189 1144 1232 lignis
1158 1185 1219 1219 usu
1247 1184 1422 1221 servatum
1437 1187 1481 1220 est
1499 1213 1508 1221 .
1534 1189 1633 1233 Qas
1659 1189 1703 1224 ob
1722 1203 1771 1226 res
1805 1194 1955 1234 Nolam,

1040 1231 1198 1279 sedesque
1226 1232 1380 1267 Nolanas
1404 1243 1550 1276 magnas
1567 1255 1579 1273 ,
1606 1233 1780 1282 sacrasque
1806 1237 1868 1273 effe
1894 1251 1956 1273 au-

1038 1279 1102 1313 lim
1140 1275 1315 1311 affirmare
1340 1298 1352 1314 ,
1390 1276 1412 1310 fi
1437 1275 1553 1316 sacra,
1579 1291 1777 1327 magnaque
1816 1281 1954 1324 solum,

1038 1334 1099 1359 aut
1124 1332 1205 1358 ante
1230 1323 1299 1357 alia
1323 1321 1373 1356 dii
1400 1324 1432 1356 δε
1451 1321 1606 1369 [Ρεξὶεωε
1631 1348 1641 1366 ,
1669 1328 1700 1360 &
1732 1328 1858 1364 colunt
1882 1351 1895 1371 2
1921 1332 1956 1366 <Sc

1038 1379 1174 1405 amant.

1042 1489 1137 1533 DE
1174 1489 1678 1534 NOLANORUM
1722 1494 1955 1550 FIDEg

1103 1548 1309 1602 semelque
1327 1552 1509 1602 incoepta
1531 1556 1722 1604 amicitia,
1733 1565 1779 1596 ac
1793 1553 1898 1594 sem-

1363 1618 1436 1659 per
1448 1607 1606 1651 servata
1624 1637 1637 1649 .

1282 1727 1315 1761 C
1364 1729 1396 1763 A
1443 1731 1483 1766 Ρζ
1586 1729 1723 1764 XIII.

996 1763 1041 1805 D

1091 1828 1185 1867 Llud
1212 1830 1361 1866 infitum
1386 1830 1448 1874 effe
1468 1831 1619 1867 Nolanis
1646 1831 1829 1875 ingeniis,
1851 1829 1950 1865 coni-2

1105 1886 1248 1924 pertun]
1272 1878 1316 1911 est
1334 1899 1345 1916 ‚
1373 1875 1478 1912 fidem
1499 1877 1618 1912 datam
1642 1885 1745 1922 atque
1771 1875 1871 1910 semel
1894 1877 1954 1908 in-

1039 1933 1193 1969 coeutam
1232 1924 1436 1958 amicitiam
1461 1921 1610 1969 >semper
1651 1919 1784 1956 servare
1810 1934 1820 1955 ι
1846 1919 1952 1966 idque

1036 1970 1078 2005 ad
1090 1969 1261 2003 ultimum
1278 1991 1287 2007 ,
1300 1968 1609 2004 velincidentibns
1629 1991 1639 2006 ‚
1657 1965 1950 2003 imminentibus-

1042 2028 1083 2051 ve
1110 2015 1278 2061 periculis
1305 2015 1473 2050 maximis
1502 2037 1513 2053 ,
1544 2016 1733 2061 patriaeque
1761 2011 1864 2054 ipltus
1890 2022 1951 2044 ex-

1041 2063 1287 2106 pugnatione,
1313 2072 1352 2095 ac
1380 2062 1558 2099 interitu3
1583 2059 1676 2094 bello
1710 2069 1860 2103 namque
1895 2059 1952 2090 Sa-

1040 2108 1193 2142 mnitico
1208 2107 1338 2140 Nolani
1354 2104 1479 2140 foedere
1496 2127 1507 2144 ,
1525 2107 1556 2140 &
1582 2105 1749 2140 amicitia
1778 2113 1859 2136 cum
1890 2104 1946 2136 Sa-

1040 2150 1217 2188 mnitibus
1241 2151 1447 2193 conium-&th
1475 2163 1549 2185 non
1576 2163 1650 2185 eam
1663 2151 1760 2195 prius
1785 2146 1946 2192 frangere

1040 2198 1214 2233 solvereve
1260 2199 1401 2231 voluere
1433 2218 1445 2234 ,
1487 2209 1597 2240 quam
1652 2193 1866 2228 incursiones
1907 2194 1950 2226 inv

1041 2255 1166 2287 agrum
1194 2241 1278 2288 paffi
1317 2241 1383 2277 fint
1417 2240 1523 2278 suum
1549 2255 1561 2277 ς
1589 2239 1866 2277 multitudinem
1895 2240 1953 2276 Sa-⁴

1042 2290 1216 2325 mnitiurn
1246 2290 1283 2322 in
1305 2289 1459 2326 urbem,
1487 2298 1526 2322 ut
1554 2288 1756 2365 municipes
1791 2284 1950 2329 proprios

1043 2336 1239 2378 receperint
1265 2346 1274 2367 ι
1305 2332 1467 2368 incendia
1504 2334 1677 2379 omniurn=
1711 2327 1952 2380 uburbiorurq.

1043 2378 1231 2424 speStarint
1258 2391 1269 2413 z
1297 2378 1442 2413 demum
1468 2379 1594 2413 urbem
1621 2376 1732 2422 iplam
1752 2383 1951 2418 expugnari.

1044 2435 1150 2470 atque
1171 2426 1251 2470 capi
1277 2422 1434 2459 viderint
1458 2436 1470 2464 3
1496 2425 1610 2458 tulere
1639 2422 1771 2457 Nolani
1803 2420 1872 2453 liaec
1911 2429 1951 2457 ο-Ι

1043 2470 1143 2505 mnia
1155 2488 1166 2508 ‚
1183 2481 1294 2514 quum
1308 2467 1392 2504 aCl.
1408 2468 1740 2504 Poeteliodit‘latote
1759 2462 1843 2499 urbs
1858 2462 1950 2497 Nola

1043 2523 1146 2560 capta
1173 2514 1219 2549 est
1245 2538 1256 2556 ‚
1282 2523 1321 2549 ut
1342 2524 1442 2550 autor
1466 2515 1510 2550 est
1535 2516 1580 2550 T.
1605 2516 1730 2549 Livius
1758 2524 1770 2551 3
1795 2507 1944 2543 secundo

1044 2558 1175 2594 deinde
1200 2560 1293 2595 bello
1326 2563 1458 2595 Punico
1489 2569 1663 2608 quantam
1691 2557 1802 2593 fidem
1822 2558 1949 2589 Roma-

1044 2607 1101 2641 nis
1128 2607 1258 2642 Nolani
1288 2604 1457 2641 servarint
1482 2629 1494 2646 -,
1522 2606 1731 2640 monstravit
1770 2610 1847 2635 tum
1873 2602 1948 2642 He·-

1044 2653 1189 2687 rennius
1218 2651 1353 2691 Bassus,
1378 2664 1488 2695 quum
1519 2649 1694 2697 respondit
1725 2647 1837 2683 multa
1867 2656 1949 2698 pro-

1044 2698 1233 2737 mittenti,
1256 2708 1297 2732 ut
1322 2695 1355 2731 se
1379 2697 1502 2732 darent
1520 2697 1695 2732 Annibali
1716 2692 1832 2734 ‚hilce
1857 2702 1948 2725 ami-

1049 2745 1082 2777 ci
1106 2744 1183 2777 veri
1206 2743 1322 2778 verbis
1351 2755 1362 2777 z
1392 2744 1522 2778 Multos
1550 2753 1653 2777 annos
1679 2744 1751 2774 iam
1775 2741 1866 2771 inter
1889 2739 1950 2779 Rq-

1001 2772 1215 2828 Fmanmn,
1241 2788 1480 2836 Nolanumque
1521 2797 1572 2835 po.
1606 2788 1808 2821 amicitiam
1847 2783 1910 2826 efi'e
1939 2803 1952 2821 ν

1044 2836 1142 2868 cuius
1167 2843 1301 2868 neutros
1327 2834 1372 2868 ad
1395 2846 1472 2868 eam
1493 2835 1586 2869 diem
1609 2836 1812 2878 peniteret:
1839 2829 1882 2865 «ἓν
1903 2825 1953 2870 fi-

1043 2881 1102 2919 bi,
1124 2878 1153 2922 si
1179 2879 1414 2923 cttmfortmza
1439 2879 1609 2914 mutanda
1630 2878 1717 2920 sides
1738 2876 1879 2920 fuerit,
1901 2871 1952 2916 se-

1044 2939 1079 2959 ro
1103 2927 1175 2966 jam
1197 2925 1260 2967 esse
1290 2935 1426 2960 mutare
1453 2937 1551 2964 eam,
1577 2924 1748 2958 dedituris
1778 2922 1814 2963 fi'
1837 2919 1949 2955 Anni-

1042 2972 1112 3007 hali
1135 2982 1197 3004 non
1217 2971 1326 3015 ῥάψε
1348 2971 1584 3017 accersendum
1611 2972 1802 3011 Romanum
1838 2963 1947 3013 773·aest-

1046 3016 1166 3056 dium,
1194 3027 1273 3050 cuin
1297 3018 1372 3054 iis,
1397 3020 1458 3065 qni
1482 3016 1567 3058 adse
1593 3013 1735 3047 tuendos
1763 3011 1952 3054 venissent,

1046 3065 1159 3097 omnia
1178 3061 1240 3105 fibi
1266 3062 1308 3099 (ἔγ
1333 3063 1394 3105 esse
1410 3063 1625 3106 consociata,
1647 3060 1689 3095 (ἔγ
1718 3058 1761 3092 all
1780 3056 1953 3090 ultimum

1036 3109 1141 3153 fiWei·
1166 3108 1236 3141 haec
1261 3108 1343 3143 ille.
1359 3109 1446 3150 Quae
1476 3108 1596 3141 omnia
1624 3102 1716 3138 faflo
1741 3099 1953 3148 comproba-

1057 3163 1091 3188 ta
1115 3151 1312 3197 ostensaque
1341 3151 1423 3187 sunt
1445 3165 1457 3193 3
1483 3162 1634 3196 namque
1663 3149 1842 3196 postquam
1875 3147 1949 3198 No·

1054 3199 1086 3233 la
1114 3207 1214 3243 capta
1239 3198 1308 3233 fuit
1342 3196 1359 3231 ὲ
1383 3200 1440 3232 Cl.
1465 3198 1609 3232 Poetelio
1626 3218 1637 3235 ,
1673 3206 1756 3228 cum
1782 3196 1952 3227 Romanis

1054 3245 1213 3278 amicitia
1236 3243 1341 3288 usque
1367 3243 1450 3277 adeo
1479 3253 1606 3287 magna
1645 3237 1839 3289 stabilisque
1867 3235 1953 3277 §tzela

1050 3288 1119 3323 fuit
1149 3311 1160 3328 ,
1187 3298 1227 3322 ut
1253 3287 1422 3333 nusquam
1447 3287 1489 3324 ab
1517 3291 1568 3321 eis
1591 3288 1709 3331 aliqua
1730 3286 1805 3318 neri
1830 3290 1950 3328 potue-

1050 3336 1099 3369 rit
1129 3335 1294 3368 alienatio
1309 3358 1320 3367 .
1350 3337 1393 3369 Et
1416 3337 1454 3369 in
1469 3332 1590 3369 eodem
1609 3332 1702 3366 bello
1727 3332 1765 3363 in
1789 3327 1855 3363 fide
1877 3337 1952 3361 ma-

1402 3378 1484 3428 saepe
1500 3376 1552 3420 se,
1575 3379 1795 3425 patriamque
1820 3371 1957 3425 summo

1452 3426 1483 3460 C
1795 3428 1891 3467 peri·
