<?xml version="1.0" encoding="UTF-8"?>
<!DOCTYPE html PUBLIC "-//W3C//DTD XHTML 1.0 Transitional//EN"
    "http://www.w3.org/TR/xhtml1/DTD/xhtml1-transitional.dtd">
<html xmlns="http://www.w3.org/1999/xhtml" xml:lang="en" lang="en">
 <head>
  <title>
</title>
<meta http-equiv="Content-Type" content="text/html;charset=utf-8" />
  <meta name='ocr-system' content='tesseract 3.04.00' />
  <meta name='ocr-capabilities' content='ocr_page ocr_carea ocr_par ocr_line ocrx_word'/>
</head>
<body>
  <div class='ocr_page' id='page_1' title='image "./delectusscriptor00gior_0228.png"; bbox 0 0 2404 3882; ppageno 0'>
   <div class='ocr_carea' id='block_1_1' title="bbox 989 265 1408 312">
    <p class='ocr_par' dir='ltr' id='par_1_1' title="bbox 989 265 1408 312">
     <span class='ocr_line' id='line_1_1' title="bbox 989 265 1408 312; baseline -0.002 -2"><span class='ocrx_word' id='word_1_1' title='bbox 989 265 1408 312; x_wconf 82' lang='lat' dir='ltr'>IOANNIS</span> 
     </span>
    </p>
   </div>
   <div class='ocr_carea' id='block_1_2' title="bbox 574 354 1376 451">
    <p class='ocr_par' dir='ltr' id='par_1_2' title="bbox 574 354 1376 451">
     <span class='ocr_line' id='line_1_2' title="bbox 574 354 1376 400; baseline 0.01 -11"><span class='ocrx_word' id='word_1_2' title='bbox 574 359 624 393; x_wconf 70' lang='lat' dir='ltr'>,se</span> <span class='ocrx_word' id='word_1_3' title='bbox 637 354 761 399; x_wconf 67' lang='lat' dir='ltr'>forma</span> <span class='ocrx_word' id='word_1_4' title='bbox 788 358 800 395; x_wconf 59' lang='grc' dir='ltr'><strong><em>ζ</em></strong></span> <span class='ocrx_word' id='word_1_5' title='bbox 826 359 966 393; x_wconf 76' lang='lat' dir='ltr'>ambitu</span> <span class='ocrx_word' id='word_1_6' title='bbox 990 384 1002 400; x_wconf 75' lang='lat'>‚</span> <span class='ocrx_word' id='word_1_7' title='bbox 1028 363 1072 398; x_wconf 71' lang='lat'>&amp;¹</span> <span class='ocrx_word' id='word_1_8' title='bbox 1096 366 1287 397; x_wconf 77' lang='lat' dir='ltr'>munitione</span> <span class='ocrx_word' id='word_1_9' title='bbox 1304 366 1376 397; x_wconf 77' lang='lat' dir='ltr'>Ur-</span> 
     </span>
     <span class='ocr_line' id='line_1_3' title="bbox 609 400 1332 451; baseline 0.011 -15"><span class='ocrx_word' id='word_1_10' title='bbox 609 400 664 445; x_wconf 71' lang='lat' dir='ltr'>hir</span> <span class='ocrx_word' id='word_1_11' title='bbox 687 413 700 446; x_wconf 59' lang='grc' dir='ltr'>ζ,</span> <span class='ocrx_word' id='word_1_12' title='bbox 734 402 846 440; x_wconf 67' lang='lat' dir='ltr'>adhaec</span> <span class='ocrx_word' id='word_1_13' title='bbox 868 404 909 440; x_wconf 71' lang='lat' dir='ltr'>de</span> <span class='ocrx_word' id='word_1_14' title='bbox 936 407 1057 449; x_wconf 76' lang='lat' dir='ltr'>Infulis</span> <span class='ocrx_word' id='word_1_15' title='bbox 1080 408 1231 451; x_wconf 78' lang='lat' dir='ltr'>occasum</span> <span class='ocrx_word' id='word_1_16' title='bbox 1254 421 1332 444; x_wconf 81' lang='lat' dir='ltr'>ver·</span> 
     </span>
    </p>
   </div>
   <div class='ocr_carea' id='block_1_3' title="bbox 884 451 1054 495">
    <p class='ocr_par' dir='ltr' id='par_1_3' title="bbox 884 451 1054 495">
     <span class='ocr_line' id='line_1_4' title="bbox 884 451 1054 495; baseline 0 -10"><span class='ocrx_word' id='word_1_17' title='bbox 884 451 948 494; x_wconf 79' lang='lat' dir='ltr'>fits</span> <span class='ocrx_word' id='word_1_18' title='bbox 962 451 1054 495; x_wconf 82' lang='lat' dir='ltr'>fitis.</span> 
     </span>
    </p>
   </div>
   <div class='ocr_carea' id='block_1_4' title="bbox 583 260 665 314">
    <p class='ocr_par' dir='ltr' id='par_1_4' title="bbox 583 260 665 314">
     <span class='ocr_line' id='line_1_5' title="bbox 583 260 665 314; baseline -0.024 -9"><span class='ocrx_word' id='word_1_19' title='bbox 583 260 665 314; x_wconf 58' lang='lat' dir='ltr'>Etr</span> 
     </span>
    </p>
   </div>
   <div class='ocr_carea' id='block_1_5' title="bbox 1516 266 2339 319">
    <p class='ocr_par' dir='ltr' id='par_1_5' title="bbox 1516 266 2339 319">
     <span class='ocr_line' id='line_1_6' title="bbox 1516 266 2339 319; baseline 0.005 -11"><span class='ocrx_word' id='word_1_20' title='bbox 1516 266 1920 311; x_wconf 83' lang='lat' dir='ltr'>IVVENIS</span> <span class='ocrx_word' id='word_1_21' title='bbox 2252 268 2339 319; x_wconf 66' lang='lat'>&#39;4&#39;122</span> 
     </span>
    </p>
   </div>
   <div class='ocr_carea' id='block_1_6' title="bbox 1421 356 2378 399">
    <p class='ocr_par' dir='ltr' id='par_1_6' title="bbox 1421 356 2378 399">
     <span class='ocr_line' id='line_1_7' title="bbox 1421 356 2378 399; baseline 0.003 -3"><span class='ocrx_word' id='word_1_22' title='bbox 1421 356 1630 396; x_wconf 85' lang='lat' dir='ltr'>Avidimus</span> <span class='ocrx_word' id='word_1_23' title='bbox 1667 363 1865 397; x_wconf 85' lang='lat' dir='ltr'>IOANNIS</span> <span class='ocrx_word' id='word_1_24' title='bbox 1904 362 2098 399; x_wconf 82' lang='lat' dir='ltr'>AUSTRII</span> <span class='ocrx_word' id='word_1_25' title='bbox 2134 361 2222 399; x_wconf 81' lang='lat' dir='ltr'>iuffu</span> <span class='ocrx_word' id='word_1_26' title='bbox 2261 362 2378 399; x_wconf 85' lang='lat' dir='ltr'>multo</span> 
     </span>
    </p>
   </div>
   <div class='ocr_carea' id='block_1_7' title="bbox 1475 404 2377 630">
    <p class='ocr_par' dir='ltr' id='par_1_7' title="bbox 1475 404 2377 630">
     <span class='ocr_line' id='line_1_8' title="bbox 1481 404 2377 451; baseline 0.006 -12"><span class='ocrx_word' id='word_1_27' title='bbox 1481 404 1598 439; x_wconf 88' lang='lat' dir='ltr'>labore</span> <span class='ocrx_word' id='word_1_28' title='bbox 1634 407 1814 442; x_wconf 80' lang='lat' dir='ltr'>exhaustas</span> <span class='ocrx_word' id='word_1_29' title='bbox 1842 406 1883 442; x_wconf 85' lang='lat' dir='ltr'>ad</span> <span class='ocrx_word' id='word_1_30' title='bbox 1913 409 2033 451; x_wconf 72' lang='lat' dir='ltr'>longas</span> <span class='ocrx_word' id='word_1_31' title='bbox 2071 418 2152 443; x_wconf 88' lang='lat' dir='ltr'>ante</span> <span class='ocrx_word' id='word_1_32' title='bbox 2187 408 2377 444; x_wconf 55' lang='lat' dir='ltr'>visleriam</span> 
     </span>
     <span class='ocr_line' id='line_1_9' title="bbox 1479 451 2377 492; baseline 0.002 -8"><span class='ocrx_word' id='word_1_33' title='bbox 1479 451 1518 484; x_wconf 88' lang='lat' dir='ltr'>in</span> <span class='ocrx_word' id='word_1_34' title='bbox 1544 451 1787 486; x_wconf 79' lang='lat' dir='ltr'>Echinadibus</span> <span class='ocrx_word' id='word_1_35' title='bbox 1813 451 1854 488; x_wconf 90' lang='lat' dir='ltr'>de</span> <span class='ocrx_word' id='word_1_36' title='bbox 1880 454 2010 488; x_wconf 89' lang='lat' dir='ltr'>Turcis</span> <span class='ocrx_word' id='word_1_37' title='bbox 2027 453 2196 488; x_wconf 70' lang='lat' dir='ltr'>habitam</span> <span class='ocrx_word' id='word_1_38' title='bbox 2226 475 2237 492; x_wconf 83' lang='lat'>·‚</span> <span class='ocrx_word' id='word_1_39' title='bbox 2271 465 2377 487; x_wconf 84' lang='lat' dir='ltr'>naves</span> 
     </span>
     <span class='ocr_line' id='line_1_10' title="bbox 1479 493 2375 543; baseline 0.006 -15"><span class='ocrx_word' id='word_1_40' title='bbox 1479 493 1718 530; x_wconf 85' lang='lat' dir='ltr'>admittendas</span> <span class='ocrx_word' id='word_1_41' title='bbox 1740 522 1750 531; x_wconf 93' lang='lat'>.</span> <span class='ocrx_word' id='word_1_42' title='bbox 1790 498 1996 534; x_wconf 80' lang='lat' dir='ltr'>Feliciffimi</span> <span class='ocrx_word' id='word_1_43' title='bbox 2023 499 2120 532; x_wconf 81' lang='lat' dir='ltr'>illius</span> <span class='ocrx_word' id='word_1_44' title='bbox 2145 499 2230 532; x_wconf 86' lang='lat' dir='ltr'>anni</span> <span class='ocrx_word' id='word_1_45' title='bbox 2263 499 2375 543; x_wconf 80' lang='lat' dir='ltr'>primi</span> 
     </span>
     <span class='ocr_line' id='line_1_11' title="bbox 1477 539 2376 588; baseline 0.004 -15"><span class='ocrx_word' id='word_1_46' title='bbox 1477 542 1509 574; x_wconf 85' lang='lat'>&amp;</span> <span class='ocrx_word' id='word_1_47' title='bbox 1531 539 1772 587; x_wconf 72' lang='lat' dir='ltr'>septuagesimi</span> <span class='ocrx_word' id='word_1_48' title='bbox 1797 541 1895 588; x_wconf 86' lang='lat' dir='ltr'>supra</span> <span class='ocrx_word' id='word_1_49' title='bbox 1921 542 2151 579; x_wconf 71' lang='lat' dir='ltr'>millesimum</span> <span class='ocrx_word' id='word_1_50' title='bbox 2173 564 2185 581; x_wconf 82' lang='lat'>‚</span> <span class='ocrx_word' id='word_1_51' title='bbox 2211 545 2243 576; x_wconf 66' lang='grc' dir='ltr'>ὃ(</span> <span class='ocrx_word' id='word_1_52' title='bbox 2269 545 2376 588; x_wconf 55' lang='lat' dir='ltr'>quein-</span> 
     </span>
     <span class='ocr_line' id='line_1_12' title="bbox 1475 584 2373 630; baseline 0.002 -11"><span class='ocrx_word' id='word_1_53' title='bbox 1475 584 1708 630; x_wconf 81' lang='lat' dir='ltr'>gentefimum</span> <span class='ocrx_word' id='word_1_54' title='bbox 1745 598 1808 621; x_wconf 87' lang='lat' dir='ltr'>cur</span> <span class='ocrx_word' id='word_1_55' title='bbox 1832 597 1960 623; x_wconf 81' lang='lat' dir='ltr'>aeterna</span> <span class='ocrx_word' id='word_1_56' title='bbox 1986 600 2056 623; x_wconf 87' lang='lat' dir='ltr'>non</span> <span class='ocrx_word' id='word_1_57' title='bbox 2081 591 2147 624; x_wconf 90' lang='lat' dir='ltr'>erit</span> <span class='ocrx_word' id='word_1_58' title='bbox 2179 590 2373 627; x_wconf 82' lang='lat' dir='ltr'>memoria,</span> 
     </span>
    </p>
   </div>
   <div class='ocr_carea' id='block_1_8' title="bbox 512 627 2375 723">
    <p class='ocr_par' dir='ltr' id='par_1_8' title="bbox 512 627 2375 723">
     <span class='ocr_line' id='line_1_13' title="bbox 512 627 2374 686; baseline 0.001 -18"><span class='ocrx_word' id='word_1_59' title='bbox 512 641 524 651; x_wconf 80' lang='lat'><strong><em>⁹</em></strong></span> <span class='ocrx_word' id='word_1_60' title='bbox 596 627 734 678; x_wconf 81' lang='lat' dir='ltr'>Ntiq&#39;ua</span> <span class='ocrx_word' id='word_1_61' title='bbox 771 631 868 668; x_wconf 90' lang='lat' dir='ltr'>urbis</span> <span class='ocrx_word' id='word_1_62' title='bbox 895 632 967 677; x_wconf 84' lang='lat' dir='ltr'>post</span> <span class='ocrx_word' id='word_1_63' title='bbox 992 632 1179 669; x_wconf 81' lang='lat' dir='ltr'>Phalanthi</span> <span class='ocrx_word' id='word_1_64' title='bbox 1220 634 1414 671; x_wconf 84' lang='lat' dir='ltr'>adventum</span> <span class='ocrx_word' id='word_1_65' title='bbox 1473 641 1544 677; x_wconf 88' lang='lat' dir='ltr'>quo</span> <span class='ocrx_word' id='word_1_66' title='bbox 1568 634 1716 666; x_wconf 88' lang='lat' dir='ltr'>loannes</span> <span class='ocrx_word' id='word_1_67' title='bbox 1742 632 1902 666; x_wconf 86' lang='lat' dir='ltr'>Austrius</span> <span class='ocrx_word' id='word_1_68' title='bbox 1925 642 1998 668; x_wconf 84' lang='lat' dir='ltr'>tam</span> <span class='ocrx_word' id='word_1_69' title='bbox 2021 633 2242 679; x_wconf 73' lang='lat' dir='ltr'>praesenrium</span> <span class='ocrx_word' id='word_1_70' title='bbox 2266 644 2374 686; x_wconf 69' lang='lat' dir='ltr'>quam</span> 
     </span>
     <span class='ocr_line' id='line_1_14' title="bbox 618 675 2375 723; baseline 0.001 -11"><span class='ocrx_word' id='word_1_71' title='bbox 618 689 690 712; x_wconf 90' lang='lat' dir='ltr'>non</span> <span class='ocrx_word' id='word_1_72' title='bbox 711 680 832 713; x_wconf 78' lang='lat' dir='ltr'>nativa</span> <span class='ocrx_word' id='word_1_73' title='bbox 855 675 958 710; x_wconf 88' lang='lat' dir='ltr'>modo</span> <span class='ocrx_word' id='word_1_74' title='bbox 975 700 986 716; x_wconf 93' lang='lat'>‚</span> <span class='ocrx_word' id='word_1_75' title='bbox 1011 689 1116 723; x_wconf 85' lang='lat' dir='ltr'>quam</span> <span class='ocrx_word' id='word_1_76' title='bbox 1138 681 1245 715; x_wconf 88' lang='lat' dir='ltr'>Taras</span> <span class='ocrx_word' id='word_1_77' title='bbox 1271 683 1416 716; x_wconf 78' lang='lat' dir='ltr'>inchoa.</span> <span class='ocrx_word' id='word_1_78' title='bbox 1472 678 1698 722; x_wconf 85' lang='lat' dir='ltr'>sequentium</span> <span class='ocrx_word' id='word_1_79' title='bbox 1725 686 1926 723; x_wconf 88' lang='lat' dir='ltr'>temporum</span> <span class='ocrx_word' id='word_1_80' title='bbox 1950 678 2056 712; x_wconf 88' lang='lat' dir='ltr'>decus</span> <span class='ocrx_word' id='word_1_81' title='bbox 2082 681 2260 713; x_wconf 79' lang='lat' dir='ltr'>CAROLI</span> <span class='ocrx_word' id='word_1_82' title='bbox 2300 680 2375 713; x_wconf 66' lang='lat' dir='ltr'>Cre-</span> 
     </span>
    </p>
   </div>
   <div class='ocr_carea' id='block_1_9' title="bbox 497 719 1411 1346">
    <p class='ocr_par' dir='ltr' id='par_1_9' title="bbox 497 719 1411 1346">
     <span class='ocr_line' id='line_1_15' title="bbox 513 719 1411 769; baseline 0.001 -11"><span class='ocrx_word' id='word_1_83' title='bbox 513 732 568 758; x_wconf 84' lang='lat' dir='ltr'>rat</span> <span class='ocrx_word' id='word_1_84' title='bbox 592 721 707 756; x_wconf 84' lang='lat' dir='ltr'>forma</span> <span class='ocrx_word' id='word_1_85' title='bbox 735 744 747 761; x_wconf 86' lang='lat'>‚</span> <span class='ocrx_word' id='word_1_86' title='bbox 785 724 848 756; x_wconf 80' lang='lat' dir='ltr'>vix</span> <span class='ocrx_word' id='word_1_87' title='bbox 872 719 982 756; x_wconf 85' lang='lat' dir='ltr'>scitur</span> <span class='ocrx_word' id='word_1_88' title='bbox 1006 743 1017 760; x_wconf 83' lang='lat'><em>‚</em></span> <span class='ocrx_word' id='word_1_89' title='bbox 1055 724 1186 769; x_wconf 81' lang='lat' dir='ltr'>vixque</span> <span class='ocrx_word' id='word_1_90' title='bbox 1208 727 1340 761; x_wconf 88' lang='lat' dir='ltr'>coniici</span> <span class='ocrx_word' id='word_1_91' title='bbox 1370 725 1411 759; x_wconf 80' lang='lat' dir='ltr'>si-</span> 
     </span>
     <span class='ocr_line' id='line_1_16' title="bbox 509 765 1410 816; baseline 0.004 -16"><span class='ocrx_word' id='word_1_92' title='bbox 509 769 590 813; x_wconf 71' lang='lat' dir='ltr'>gnis</span> <span class='ocrx_word' id='word_1_93' title='bbox 615 765 798 812; x_wconf 81' lang='lat' dir='ltr'>aliquibus</span> <span class='ocrx_word' id='word_1_94' title='bbox 821 765 954 812; x_wconf 77' lang='lat' dir='ltr'>potest,</span> <span class='ocrx_word' id='word_1_95' title='bbox 981 778 1064 801; x_wconf 90' lang='lat' dir='ltr'>cum</span> <span class='ocrx_word' id='word_1_96' title='bbox 1089 770 1121 802; x_wconf 76' lang='grc' dir='ltr'>δε</span> <span class='ocrx_word' id='word_1_97' title='bbox 1150 770 1224 804; x_wconf 88' lang='lat' dir='ltr'>loca</span> <span class='ocrx_word' id='word_1_98' title='bbox 1248 771 1410 816; x_wconf 86' lang='lat' dir='ltr'>aliquan-</span> 
     </span>
     <span class='ocr_line' id='line_1_17' title="bbox 508 809 1407 858; baseline 0.003 -13"><span class='ocrx_word' id='word_1_99' title='bbox 508 813 553 846; x_wconf 82' lang='lat' dir='ltr'>do</span> <span class='ocrx_word' id='word_1_100' title='bbox 580 812 753 850; x_wconf 83' lang='lat' dir='ltr'>mutarit,</span> <span class='ocrx_word' id='word_1_101' title='bbox 772 822 837 846; x_wconf 90' lang='lat' dir='ltr'>nec</span> <span class='ocrx_word' id='word_1_102' title='bbox 859 809 963 845; x_wconf 77' lang='lat' dir='ltr'>semel</span> <span class='ocrx_word' id='word_1_103' title='bbox 986 811 1101 847; x_wconf 87' lang='lat' dir='ltr'>eversa</span> <span class='ocrx_word' id='word_1_104' title='bbox 1127 812 1180 850; x_wconf 82' lang='lat' dir='ltr'>fit.</span> <span class='ocrx_word' id='word_1_105' title='bbox 1217 816 1407 858; x_wconf 88' lang='lat' dir='ltr'>Quantum</span> 
     </span>
     <span class='ocr_line' id='line_1_18' title="bbox 507 853 1405 900; baseline 0.003 -9"><span class='ocrx_word' id='word_1_106' title='bbox 507 867 590 891; x_wconf 87' lang='lat' dir='ltr'>vero</span> <span class='ocrx_word' id='word_1_107' title='bbox 614 866 657 889; x_wconf 81' lang='lat' dir='ltr'>ex</span> <span class='ocrx_word' id='word_1_108' title='bbox 682 853 754 900; x_wconf 88' lang='lat' dir='ltr'>ipsa</span> <span class='ocrx_word' id='word_1_109' title='bbox 778 856 907 891; x_wconf 80' lang='lat' dir='ltr'>veteris</span> <span class='ocrx_word' id='word_1_110' title='bbox 931 856 1033 892; x_wconf 85' lang='lat' dir='ltr'>urbis</span> <span class='ocrx_word' id='word_1_111' title='bbox 1055 859 1157 892; x_wconf 88' lang='lat' dir='ltr'>ruina</span> <span class='ocrx_word' id='word_1_112' title='bbox 1183 860 1405 895; x_wconf 87' lang='lat' dir='ltr'>divinareli-</span> 
     </span>
     <span class='ocr_line' id='line_1_19' title="bbox 507 898 1410 950; baseline 0.003 -15"><span class='ocrx_word' id='word_1_113' title='bbox 507 909 562 935; x_wconf 89' lang='lat' dir='ltr'>cet</span> <span class='ocrx_word' id='word_1_114' title='bbox 588 922 600 939; x_wconf 89' lang='lat'>‚</span> <span class='ocrx_word' id='word_1_115' title='bbox 624 898 828 936; x_wconf 80' lang='lat' dir='ltr'>huiusmodi</span> <span class='ocrx_word' id='word_1_116' title='bbox 857 901 957 936; x_wconf 87' lang='lat' dir='ltr'>illius</span> <span class='ocrx_word' id='word_1_117' title='bbox 982 901 1133 947; x_wconf 82' lang='lat' dir='ltr'>figuram</span> <span class='ocrx_word' id='word_1_118' title='bbox 1157 928 1168 944; x_wconf 89' lang='lat'>‚</span> <span class='ocrx_word' id='word_1_119' title='bbox 1204 917 1243 940; x_wconf 85' lang='lat' dir='ltr'>ac</span> <span class='ocrx_word' id='word_1_120' title='bbox 1266 904 1410 950; x_wconf 72' lang='lat' dir='ltr'>politio·</span> 
     </span>
     <span class='ocr_line' id='line_1_20' title="bbox 506 942 1407 996; baseline 0.004 -16"><span class='ocrx_word' id='word_1_121' title='bbox 506 957 589 980; x_wconf 87' lang='lat' dir='ltr'>nem</span> <span class='ocrx_word' id='word_1_122' title='bbox 616 942 716 979; x_wconf 80' lang='lat' dir='ltr'>fuiffe</span> <span class='ocrx_word' id='word_1_123' title='bbox 739 946 896 981; x_wconf 75' lang='lat' dir='ltr'>dixerim</span> <span class='ocrx_word' id='word_1_124' title='bbox 920 969 932 985; x_wconf 85' lang='lat'>‚</span> <span class='ocrx_word' id='word_1_125' title='bbox 957 955 997 981; x_wconf 92' lang='lat' dir='ltr'>ut</span> <span class='ocrx_word' id='word_1_126' title='bbox 1022 946 1156 983; x_wconf 84' lang='lat' dir='ltr'>scilicet</span> <span class='ocrx_word' id='word_1_127' title='bbox 1186 949 1407 996; x_wconf 87' lang='lat' dir='ltr'>Pyramidem</span> 
     </span>
     <span class='ocr_line' id='line_1_21' title="bbox 508 991 1406 1040; baseline 0.003 -16"><span class='ocrx_word' id='word_1_128' title='bbox 508 991 750 1033; x_wconf 82' lang='lat' dir='ltr'>exprimeret,</span> <span class='ocrx_word' id='word_1_129' title='bbox 775 993 876 1026; x_wconf 86' lang='lat' dir='ltr'>cuius</span> <span class='ocrx_word' id='word_1_130' title='bbox 899 1000 1091 1037; x_wconf 88' lang='lat' dir='ltr'>utrumque</span> <span class='ocrx_word' id='word_1_131' title='bbox 1117 995 1231 1034; x_wconf 84' lang='lat' dir='ltr'>latus,</span> <span class='ocrx_word' id='word_1_132' title='bbox 1248 1007 1288 1029; x_wconf 90' lang='lat' dir='ltr'>eo</span> <span class='ocrx_word' id='word_1_133' title='bbox 1309 994 1406 1040; x_wconf 88' lang='lat' dir='ltr'>quod</span> 
     </span>
     <span class='ocr_line' id='line_1_22' title="bbox 503 1036 1405 1081; baseline 0.007 -13"><span class='ocrx_word' id='word_1_134' title='bbox 503 1036 648 1069; x_wconf 86' lang='lat' dir='ltr'>interno</span> <span class='ocrx_word' id='word_1_135' title='bbox 675 1056 687 1072; x_wconf 80' lang='lat'>‚</span> <span class='ocrx_word' id='word_1_136' title='bbox 722 1046 936 1081; x_wconf 87' lang='lat' dir='ltr'>externoque</span> <span class='ocrx_word' id='word_1_137' title='bbox 963 1040 1052 1073; x_wconf 86' lang='lat' dir='ltr'>mari</span> <span class='ocrx_word' id='word_1_138' title='bbox 1079 1040 1228 1075; x_wconf 83' lang='lat' dir='ltr'>allueret</span> <span class='ocrx_word' id='word_1_139' title='bbox 1250 1063 1261 1079; x_wconf 85' lang='lat'>‚</span> <span class='ocrx_word' id='word_1_140' title='bbox 1286 1039 1405 1075; x_wconf 85' lang='lat' dir='ltr'>finuo-</span> 
     </span>
     <span class='ocr_line' id='line_1_23' title="bbox 503 1078 1404 1130; baseline 0.007 -17"><span class='ocrx_word' id='word_1_141' title='bbox 503 1078 582 1114; x_wconf 88' lang='lat' dir='ltr'>sum</span> <span class='ocrx_word' id='word_1_142' title='bbox 608 1088 682 1113; x_wconf 85' lang='lat' dir='ltr'>erat</span> <span class='ocrx_word' id='word_1_143' title='bbox 719 1094 729 1115; x_wconf 87' lang='lat'>:</span> <span class='ocrx_word' id='word_1_144' title='bbox 766 1080 853 1116; x_wconf 83' lang='lat' dir='ltr'>basis</span> <span class='ocrx_word' id='word_1_145' title='bbox 878 1081 943 1116; x_wconf 80' lang='lat' dir='ltr'>ubi</span> <span class='ocrx_word' id='word_1_146' title='bbox 979 1085 1134 1120; x_wconf 79' lang='lat' dir='ltr'>maxime</span> <span class='ocrx_word' id='word_1_147' title='bbox 1160 1084 1243 1121; x_wconf 86' lang='lat' dir='ltr'>urbs</span> <span class='ocrx_word' id='word_1_148' title='bbox 1267 1087 1306 1120; x_wconf 90' lang='lat' dir='ltr'>in</span> <span class='ocrx_word' id='word_1_149' title='bbox 1333 1084 1404 1130; x_wconf 81' lang='lat' dir='ltr'>ipsa</span> 
     </span>
     <span class='ocr_line' id='line_1_24' title="bbox 507 1125 1401 1176; baseline 0.008 -18"><span class='ocrx_word' id='word_1_150' title='bbox 507 1125 616 1158; x_wconf 85' lang='lat' dir='ltr'>latera</span> <span class='ocrx_word' id='word_1_151' title='bbox 653 1126 899 1173; x_wconf 79' lang='lat' dir='ltr'>porrigebatur</span> <span class='ocrx_word' id='word_1_152' title='bbox 935 1150 947 1167; x_wconf 64' lang='lat'>2</span> <span class='ocrx_word' id='word_1_153' title='bbox 982 1129 1181 1176; x_wconf 85' lang='lat' dir='ltr'>hybernum</span> <span class='ocrx_word' id='word_1_154' title='bbox 1226 1133 1401 1165; x_wconf 77' lang='lat' dir='ltr'>orientem</span> 
     </span>
     <span class='ocr_line' id='line_1_25' title="bbox 498 1168 1401 1220; baseline 0.008 -17"><span class='ocrx_word' id='word_1_155' title='bbox 498 1168 706 1214; x_wconf 87' lang='lat' dir='ltr'>respiciebat</span> <span class='ocrx_word' id='word_1_156' title='bbox 742 1185 753 1206; x_wconf 89' lang='grc'>·.</span> <span class='ocrx_word' id='word_1_157' title='bbox 794 1181 957 1208; x_wconf 80' lang='lat' dir='ltr'>extremae</span> <span class='ocrx_word' id='word_1_158' title='bbox 990 1175 1183 1220; x_wconf 78' lang='lat' dir='ltr'>pyramidis</span> <span class='ocrx_word' id='word_1_159' title='bbox 1217 1187 1327 1209; x_wconf 85' lang='lat' dir='ltr'>conus</span> <span class='ocrx_word' id='word_1_160' title='bbox 1358 1174 1401 1210; x_wconf 86' lang='lat' dir='ltr'>ad</span> 
     </span>
     <span class='ocr_line' id='line_1_26' title="bbox 500 1213 1396 1266; baseline 0.01 -19"><span class='ocrx_word' id='word_1_161' title='bbox 500 1213 725 1251; x_wconf 87' lang='lat' dir='ltr'>occidentem</span> <span class='ocrx_word' id='word_1_162' title='bbox 763 1217 921 1252; x_wconf 85' lang='lat' dir='ltr'>aestivurn</span> <span class='ocrx_word' id='word_1_163' title='bbox 959 1220 1136 1266; x_wconf 87' lang='lat' dir='ltr'>pertinere</span> <span class='ocrx_word' id='word_1_164' title='bbox 1173 1221 1364 1255; x_wconf 86' lang='lat' dir='ltr'>videbatur</span> <span class='ocrx_word' id='word_1_165' title='bbox 1385 1242 1396 1259; x_wconf 82' lang='lat'><strong><em>‚</em></strong></span> 
     </span>
     <span class='ocr_line' id='line_1_27' title="bbox 498 1262 1396 1306; baseline 0.01 -14"><span class='ocrx_word' id='word_1_166' title='bbox 498 1271 568 1304; x_wconf 80' lang='lat' dir='ltr'>qua</span> <span class='ocrx_word' id='word_1_167' title='bbox 596 1270 693 1306; x_wconf 77' lang='lat' dir='ltr'>parte</span> <span class='ocrx_word' id='word_1_168' title='bbox 732 1264 806 1297; x_wconf 80' lang='lat' dir='ltr'>Arx</span> <span class='ocrx_word' id='word_1_169' title='bbox 831 1262 956 1298; x_wconf 84' lang='lat' dir='ltr'>tandiu</span> <span class='ocrx_word' id='word_1_170' title='bbox 981 1267 1188 1300; x_wconf 83' lang='lat' dir='ltr'>&amp;inaniter</span> <span class='ocrx_word' id='word_1_171' title='bbox 1213 1265 1256 1301; x_wconf 88' lang='lat' dir='ltr'>ab</span> <span class='ocrx_word' id='word_1_172' title='bbox 1278 1269 1396 1301; x_wconf 85' lang='lat' dir='ltr'>Anni-</span> 
     </span>
     <span class='ocr_line' id='line_1_28' title="bbox 497 1303 1395 1346; baseline 0.009 -9"><span class='ocrx_word' id='word_1_173' title='bbox 497 1303 575 1338; x_wconf 88' lang='lat' dir='ltr'>bale</span> <span class='ocrx_word' id='word_1_174' title='bbox 607 1303 730 1342; x_wconf 85' lang='lat' dir='ltr'>obsessa</span> <span class='ocrx_word' id='word_1_175' title='bbox 757 1316 831 1341; x_wconf 84' lang='lat' dir='ltr'>erat</span> <span class='ocrx_word' id='word_1_176' title='bbox 855 1331 867 1346; x_wconf 84' lang='lat'>‚</span> <span class='ocrx_word' id='word_1_177' title='bbox 901 1309 962 1344; x_wconf 90' lang='lat' dir='ltr'>ubi</span> <span class='ocrx_word' id='word_1_178' title='bbox 987 1310 1089 1345; x_wconf 88' lang='lat' dir='ltr'>hodie</span> <span class='ocrx_word' id='word_1_179' title='bbox 1115 1309 1177 1345; x_wconf 78' lang='lat' dir='ltr'>sita</span> <span class='ocrx_word' id='word_1_180' title='bbox 1198 1313 1243 1346; x_wconf 84' lang='lat' dir='ltr'>est</span> <span class='ocrx_word' id='word_1_181' title='bbox 1267 1313 1395 1346; x_wconf 85' lang='lat' dir='ltr'>civitas</span> 
     </span>
    </p>
   </div>
   <div class='ocr_carea' id='block_1_10' title="bbox 1466 720 2382 853">
    <p class='ocr_par' dir='ltr' id='par_1_10' title="bbox 1466 720 2382 853">
     <span class='ocr_line' id='line_1_29' title="bbox 1470 720 2382 767; baseline 0.002 -11"><span class='ocrx_word' id='word_1_182' title='bbox 1470 722 1552 756; x_wconf 88' lang='lat' dir='ltr'>saris</span> <span class='ocrx_word' id='word_1_183' title='bbox 1590 720 1722 764; x_wconf 87' lang='lat' dir='ltr'>semper</span> <span class='ocrx_word' id='word_1_184' title='bbox 1767 724 1913 767; x_wconf 82' lang='lat' dir='ltr'>Augusti</span> <span class='ocrx_word' id='word_1_185' title='bbox 1950 723 2046 758; x_wconf 84' lang='lat' dir='ltr'>filius</span> <span class='ocrx_word' id='word_1_186' title='bbox 2082 722 2187 757; x_wconf 84' lang='lat' dir='ltr'>fratre</span> <span class='ocrx_word' id='word_1_187' title='bbox 2224 735 2241 757; x_wconf 91' lang='lat' dir='ltr'>a</span> <span class='ocrx_word' id='word_1_188' title='bbox 2279 726 2382 758; x_wconf 65' lang='lat' dir='ltr'>PHIae</span> 
     </span>
     <span class='ocr_line' id='line_1_30' title="bbox 1468 760 2373 811; baseline 0.002 -10"><span class='ocrx_word' id='word_1_189' title='bbox 1468 767 1603 801; x_wconf 86' lang='lat' dir='ltr'>LIPPO</span> <span class='ocrx_word' id='word_1_190' title='bbox 1637 760 1895 809; x_wconf 80' lang='lat' dir='ltr'>Hispaniarum</span> <span class='ocrx_word' id='word_1_191' title='bbox 1924 774 2014 811; x_wconf 79' lang='lat' dir='ltr'>Rege</span> <span class='ocrx_word' id='word_1_192' title='bbox 2046 766 2373 808; x_wconf 75' lang='lat' dir='ltr'>Christianiffimo,</span> 
     </span>
     <span class='ocr_line' id='line_1_31' title="bbox 1466 811 2368 853; baseline 0.002 -8"><span class='ocrx_word' id='word_1_193' title='bbox 1466 815 1497 845; x_wconf 69' lang='grc' dir='ltr'>δι</span> <span class='ocrx_word' id='word_1_194' title='bbox 1535 812 1731 847; x_wconf 82' lang='lat' dir='ltr'>SENATU</span> <span class='ocrx_word' id='word_1_195' title='bbox 1767 814 1974 849; x_wconf 87' lang='lat' dir='ltr'>VENETO</span> <span class='ocrx_word' id='word_1_196' title='bbox 2006 811 2161 849; x_wconf 56' lang='lat' dir='ltr'>maxim}</span> <span class='ocrx_word' id='word_1_197' title='bbox 2199 814 2327 847; x_wconf 78' lang='lat' dir='ltr'>illustri</span> <span class='ocrx_word' id='word_1_198' title='bbox 2355 836 2368 853; x_wconf 85' lang='lat'>‚</span> 
     </span>
    </p>
   </div>
   <div class='ocr_carea' id='block_1_11' title="bbox 1420 851 2372 904">
    <p class='ocr_par' dir='ltr' id='par_1_11' title="bbox 1420 851 2372 904">
     <span class='ocr_line' id='line_1_32' title="bbox 1420 851 2372 904; baseline 0.002 -13"><span class='ocrx_word' id='word_1_199' title='bbox 1420 851 1451 891; x_wconf 90' lang='grc' dir='ltr'>Β</span> <span class='ocrx_word' id='word_1_200' title='bbox 1467 855 1659 901; x_wconf 79' lang='lat' dir='ltr'>magnifico</span> <span class='ocrx_word' id='word_1_201' title='bbox 1685 878 1697 895; x_wconf 85' lang='lat'>‚</span> <span class='ocrx_word' id='word_1_202' title='bbox 1723 869 1762 892; x_wconf 89' lang='lat' dir='ltr'>ac</span> <span class='ocrx_word' id='word_1_203' title='bbox 1789 858 2010 904; x_wconf 88' lang='lat' dir='ltr'>praedivitate</span> <span class='ocrx_word' id='word_1_204' title='bbox 2041 880 2053 897; x_wconf 92' lang='lat'><strong>‚</strong></span> <span class='ocrx_word' id='word_1_205' title='bbox 2077 870 2114 892; x_wconf 87' lang='lat' dir='ltr'>ac</span> <span class='ocrx_word' id='word_1_206' title='bbox 2140 860 2296 903; x_wconf 89' lang='lat' dir='ltr'>primum</span> <span class='ocrx_word' id='word_1_207' title='bbox 2332 872 2372 893; x_wconf 86' lang='lat' dir='ltr'>o-</span> 
     </span>
    </p>
   </div>
   <div class='ocr_carea' id='block_1_12' title="bbox 1452 903 2370 1356">
    <p class='ocr_par' dir='ltr' id='par_1_12' title="bbox 1452 903 2370 1356">
     <span class='ocr_line' id='line_1_33' title="bbox 1465 903 2368 948; baseline 0.002 -12"><span class='ocrx_word' id='word_1_208' title='bbox 1465 904 1607 936; x_wconf 81' lang='lat' dir='ltr'>mnium</span> <span class='ocrx_word' id='word_1_209' title='bbox 1645 913 1664 936; x_wconf 91' lang='lat' dir='ltr'>a</span> <span class='ocrx_word' id='word_1_210' title='bbox 1703 904 1778 937; x_wconf 88' lang='lat' dir='ltr'>PlO</span> <span class='ocrx_word' id='word_1_211' title='bbox 1812 903 1922 939; x_wconf 72' lang='lat' dir='ltr'>huius</span> <span class='ocrx_word' id='word_1_212' title='bbox 1957 905 2116 939; x_wconf 87' lang='lat' dir='ltr'>nominis</span> <span class='ocrx_word' id='word_1_213' title='bbox 2151 907 2278 948; x_wconf 88' lang='lat' dir='ltr'>quinto</span> <span class='ocrx_word' id='word_1_214' title='bbox 2315 903 2368 938; x_wconf 86' lang='lat' dir='ltr'>fe-</span> 
     </span>
     <span class='ocr_line' id='line_1_34' title="bbox 1467 945 2370 987; baseline 0.004 -7"><span class='ocrx_word' id='word_1_215' title='bbox 1467 945 1638 981; x_wconf 84' lang='lat' dir='ltr'>liciffimae</span> <span class='ocrx_word' id='word_1_216' title='bbox 1686 947 1940 983; x_wconf 86' lang='lat' dir='ltr'>recordationis</span> <span class='ocrx_word' id='word_1_217' title='bbox 1974 971 1986 987; x_wconf 84' lang='lat'><strong>‚</strong></span> <span class='ocrx_word' id='word_1_218' title='bbox 2037 948 2206 984; x_wconf 85' lang='lat' dir='ltr'>Pontifice</span> <span class='ocrx_word' id='word_1_219' title='bbox 2252 950 2370 984; x_wconf 84' lang='lat' dir='ltr'>Maxi-</span> 
     </span>
     <span class='ocr_line' id='line_1_35' title="bbox 1464 991 2364 1030; baseline 0.004 -4"><span class='ocrx_word' id='word_1_220' title='bbox 1464 1004 1525 1026; x_wconf 90' lang='lat' dir='ltr'>mo</span> <span class='ocrx_word' id='word_1_221' title='bbox 1549 1012 1561 1029; x_wconf 87' lang='lat'>‚</span> <span class='ocrx_word' id='word_1_222' title='bbox 1601 991 1808 1027; x_wconf 78' lang='lat' dir='ltr'>Christianae</span> <span class='ocrx_word' id='word_1_223' title='bbox 1844 993 1939 1029; x_wconf 87' lang='lat' dir='ltr'>claffi</span> <span class='ocrx_word' id='word_1_224' title='bbox 1980 992 2113 1029; x_wconf 79' lang='lat' dir='ltr'>faederis</span> <span class='ocrx_word' id='word_1_225' title='bbox 2152 993 2364 1030; x_wconf 71' lang='lat' dir='ltr'>Sanffiffimi</span> 
     </span>
     <span class='ocr_line' id='line_1_36' title="bbox 1463 1034 2364 1084; baseline 0.003 -13"><span class='ocrx_word' id='word_1_226' title='bbox 1463 1034 1686 1084; x_wconf 83' lang='lat' dir='ltr'>praepofitus‚</span> <span class='ocrx_word' id='word_1_227' title='bbox 1715 1039 1828 1072; x_wconf 87' lang='lat' dir='ltr'>Nonis</span> <span class='ocrx_word' id='word_1_228' title='bbox 1852 1039 2015 1074; x_wconf 42' lang='lat' dir='ltr'>Octobris</span> <span class='ocrx_word' id='word_1_229' title='bbox 2043 1040 2082 1073; x_wconf 89' lang='lat' dir='ltr'>in</span> <span class='ocrx_word' id='word_1_230' title='bbox 2111 1038 2233 1072; x_wconf 87' lang='lat' dir='ltr'>insulis</span> <span class='ocrx_word' id='word_1_231' title='bbox 2261 1041 2364 1074; x_wconf 84' lang='lat' dir='ltr'>Ethi-</span> 
     </span>
     <span class='ocr_line' id='line_1_37' title="bbox 1460 1079 2363 1129; baseline 0.003 -13"><span class='ocrx_word' id='word_1_232' title='bbox 1460 1079 1614 1117; x_wconf 88' lang='lat' dir='ltr'>nadibus</span> <span class='ocrx_word' id='word_1_233' title='bbox 1634 1102 1646 1121; x_wconf 84' lang='lat'>‚</span> <span class='ocrx_word' id='word_1_234' title='bbox 1672 1095 1748 1129; x_wconf 63' lang='lat' dir='ltr'>quie</span> <span class='ocrx_word' id='word_1_235' title='bbox 1770 1083 1814 1117; x_wconf 85' lang='lat' dir='ltr'>ad</span> <span class='ocrx_word' id='word_1_236' title='bbox 1838 1085 1985 1128; x_wconf 83' lang='lat' dir='ltr'>Epirum</span> <span class='ocrx_word' id='word_1_237' title='bbox 2012 1082 2083 1118; x_wconf 90' lang='lat' dir='ltr'>fitae</span> <span class='ocrx_word' id='word_1_238' title='bbox 2108 1082 2188 1118; x_wconf 88' lang='lat' dir='ltr'>sunt</span> <span class='ocrx_word' id='word_1_239' title='bbox 2210 1106 2220 1122; x_wconf 83' lang='lat'>‚</span> <span class='ocrx_word' id='word_1_240' title='bbox 2246 1087 2363 1120; x_wconf 88' lang='lat' dir='ltr'>trium</span> 
     </span>
     <span class='ocr_line' id='line_1_38' title="bbox 1461 1127 2361 1174; baseline 0.002 -13"><span class='ocrx_word' id='word_1_241' title='bbox 1461 1127 1628 1162; x_wconf 86' lang='lat' dir='ltr'>horarum</span> <span class='ocrx_word' id='word_1_242' title='bbox 1659 1127 1776 1174; x_wconf 88' lang='lat' dir='ltr'>spacio</span> <span class='ocrx_word' id='word_1_243' title='bbox 1801 1139 1931 1165; x_wconf 87' lang='lat' dir='ltr'>novam</span> <span class='ocrx_word' id='word_1_244' title='bbox 1952 1131 1994 1165; x_wconf 90' lang='lat' dir='ltr'>de</span> <span class='ocrx_word' id='word_1_245' title='bbox 2020 1130 2170 1166; x_wconf 78' lang='lat' dir='ltr'>Tui-cis,</span> <span class='ocrx_word' id='word_1_246' title='bbox 2199 1130 2230 1161; x_wconf 75' lang='grc' dir='ltr'>δε</span> <span class='ocrx_word' id='word_1_247' title='bbox 2258 1131 2361 1163; x_wconf 82' lang='lat' dir='ltr'>inau-</span> 
     </span>
     <span class='ocr_line' id='line_1_39' title="bbox 1459 1172 2359 1219; baseline 0.006 -13"><span class='ocrx_word' id='word_1_248' title='bbox 1459 1172 1574 1207; x_wconf 85' lang='lat' dir='ltr'>ditam</span> <span class='ocrx_word' id='word_1_249' title='bbox 1601 1172 1747 1219; x_wconf 86' lang='lat' dir='ltr'>adeptus</span> <span class='ocrx_word' id='word_1_250' title='bbox 1774 1173 1818 1208; x_wconf 89' lang='lat' dir='ltr'>est</span> <span class='ocrx_word' id='word_1_251' title='bbox 1845 1174 2032 1210; x_wconf 68' lang='lat' dir='ltr'>viStoriam</span> <span class='ocrx_word' id='word_1_252' title='bbox 2057 1195 2069 1211; x_wconf 67' lang='lat'><em>2</em></span> <span class='ocrx_word' id='word_1_253' title='bbox 2107 1176 2273 1207; x_wconf 82' lang='lat' dir='ltr'>trecentis</span> <span class='ocrx_word' id='word_1_254' title='bbox 2302 1175 2359 1208; x_wconf 78' lang='lat' dir='ltr'>de-</span> 
     </span>
     <span class='ocr_line' id='line_1_40' title="bbox 1455 1215 2357 1264; baseline 0.002 -12"><span class='ocrx_word' id='word_1_255' title='bbox 1455 1218 1560 1252; x_wconf 60' lang='lat' dir='ltr'>vietis</span> <span class='ocrx_word' id='word_1_256' title='bbox 1582 1218 1789 1253; x_wconf 85' lang='lat' dir='ltr'>triremibus</span> <span class='ocrx_word' id='word_1_257' title='bbox 1808 1242 1818 1258; x_wconf 92' lang='lat'>‚</span> <span class='ocrx_word' id='word_1_258' title='bbox 1841 1230 1993 1264; x_wconf 85' lang='lat' dir='ltr'>quorum</span> <span class='ocrx_word' id='word_1_259' title='bbox 2020 1219 2158 1264; x_wconf 86' lang='lat' dir='ltr'>aliquot</span> <span class='ocrx_word' id='word_1_260' title='bbox 2186 1215 2357 1254; x_wconf 86' lang='lat' dir='ltr'>summer-</span> 
     </span>
     <span class='ocr_line' id='line_1_41' title="bbox 1453 1262 2357 1311; baseline 0.003 -15"><span class='ocrx_word' id='word_1_261' title='bbox 1453 1262 1516 1301; x_wconf 70' lang='lat' dir='ltr'>sae,</span> <span class='ocrx_word' id='word_1_262' title='bbox 1544 1264 1726 1298; x_wconf 77' lang='lat' dir='ltr'>nonnuliae</span> <span class='ocrx_word' id='word_1_263' title='bbox 1750 1264 1896 1303; x_wconf 71' lang='lat' dir='ltr'>exustae,</span> <span class='ocrx_word' id='word_1_264' title='bbox 1923 1267 2038 1311; x_wconf 87' lang='lat' dir='ltr'>plures</span> <span class='ocrx_word' id='word_1_265' title='bbox 2064 1266 2243 1305; x_wconf 81' lang='lat' dir='ltr'>captae‚&amp;</span> <span class='ocrx_word' id='word_1_266' title='bbox 2268 1276 2357 1311; x_wconf 87' lang='lat' dir='ltr'>pau·</span> 
     </span>
     <span class='ocr_line' id='line_1_42' title="bbox 1452 1306 2356 1356; baseline 0.003 -15"><span class='ocrx_word' id='word_1_267' title='bbox 1452 1319 1498 1342; x_wconf 84' lang='lat' dir='ltr'>cae</span> <span class='ocrx_word' id='word_1_268' title='bbox 1519 1306 1626 1342; x_wconf 62' lang='lat' dir='ltr'>duem</span> <span class='ocrx_word' id='word_1_269' title='bbox 1654 1310 1817 1344; x_wconf 81' lang='lat' dir='ltr'>Oechalii</span> <span class='ocrx_word' id='word_1_270' title='bbox 1847 1309 1990 1344; x_wconf 87' lang='lat' dir='ltr'>Calabri</span> <span class='ocrx_word' id='word_1_271' title='bbox 2019 1310 2276 1353; x_wconf 62' lang='lat' dir='ltr'>Archipiratae,</span> <span class='ocrx_word' id='word_1_272' title='bbox 2294 1313 2356 1356; x_wconf 86' lang='lat' dir='ltr'>qui</span> 
     </span>
    </p>
   </div>
   <div class='ocr_carea' id='block_1_13' title="bbox 497 1347 2404 1399">
    <p class='ocr_par' dir='ltr' id='par_1_13' title="bbox 497 1347 2404 1399">
     <span class='ocr_line' id='line_1_43' title="bbox 497 1347 2404 1399; baseline 0.004 -17"><span class='ocrx_word' id='word_1_273' title='bbox 497 1347 570 1394; x_wconf 86' lang='lat' dir='ltr'>ipsa</span> <span class='ocrx_word' id='word_1_274' title='bbox 598 1371 609 1387; x_wconf 84' lang='lat'><strong>‚</strong></span> <span class='ocrx_word' id='word_1_275' title='bbox 648 1353 814 1395; x_wconf 85' lang='lat' dir='ltr'>quamvis</span> <span class='ocrx_word' id='word_1_276' title='bbox 849 1353 1031 1389; x_wconf 89' lang='lat' dir='ltr'>inferiores</span> <span class='ocrx_word' id='word_1_277' title='bbox 1054 1357 1091 1390; x_wconf 87' lang='lat' dir='ltr'>in</span> <span class='ocrx_word' id='word_1_278' title='bbox 1118 1359 1260 1391; x_wconf 91' lang='lat' dir='ltr'>interno</span> <span class='ocrx_word' id='word_1_279' title='bbox 1297 1355 1435 1397; x_wconf 87' lang='lat' dir='ltr'>mariC</span> <span class='ocrx_word' id='word_1_280' title='bbox 1451 1352 1467 1387; x_wconf 73' lang='grc' dir='ltr'>ὲ</span> <span class='ocrx_word' id='word_1_281' title='bbox 1483 1352 1681 1389; x_wconf 81' lang='lat' dir='ltr'>Christiana</span> <span class='ocrx_word' id='word_1_282' title='bbox 1703 1355 1875 1399; x_wconf 81' lang='lat' dir='ltr'>religione</span> <span class='ocrx_word' id='word_1_283' title='bbox 1896 1354 1938 1390; x_wconf 83' lang='lat' dir='ltr'>ad</span> <span class='ocrx_word' id='word_1_284' title='bbox 1961 1356 2259 1390; x_wconf 78' lang='lat' dir='ltr'>Machometicam</span> <span class='ocrx_word' id='word_1_285' title='bbox 2279 1355 2358 1389; x_wconf 81' lang='lat' dir='ltr'>bar·</span> <span class='ocrx_word' id='word_1_286' title='bbox 2402 1358 2404 1394; x_wconf 70' lang='lat' dir='ltr'>f</span> 
     </span>
    </p>
   </div>
   <div class='ocr_carea' id='block_1_14' title="bbox 469 1396 1391 3521">
    <p class='ocr_par' dir='ltr' id='par_1_14' title="bbox 469 1396 1391 3521">
     <span class='ocr_line' id='line_1_44' title="bbox 495 1396 1388 1446; baseline 0.01 -19"><span class='ocrx_word' id='word_1_287' title='bbox 495 1402 611 1436; x_wconf 82' lang='lat' dir='ltr'>parter</span> <span class='ocrx_word' id='word_1_288' title='bbox 636 1396 772 1442; x_wconf 87' lang='lat' dir='ltr'>aliquot</span> <span class='ocrx_word' id='word_1_289' title='bbox 792 1401 989 1444; x_wconf 77' lang='lat' dir='ltr'>complexa.</span> <span class='ocrx_word' id='word_1_290' title='bbox 1029 1402 1165 1435; x_wconf 89' lang='lat' dir='ltr'>Verum</span> <span class='ocrx_word' id='word_1_291' title='bbox 1187 1414 1330 1446; x_wconf 85' lang='lat' dir='ltr'>quoquo</span> <span class='ocrx_word' id='word_1_292' title='bbox 1355 1411 1388 1435; x_wconf 91' lang='lat' dir='ltr'>te</span> 
     </span>
     <span class='ocr_line' id='line_1_45' title="bbox 490 1440 1389 1490; baseline 0.009 -18"><span class='ocrx_word' id='word_1_293' title='bbox 490 1440 639 1473; x_wconf 72' lang='lat' dir='ltr'>verteris</span> <span class='ocrx_word' id='word_1_294' title='bbox 658 1442 821 1485; x_wconf 80' lang='lat' dir='ltr'>ingentes</span> <span class='ocrx_word' id='word_1_295' title='bbox 846 1442 966 1480; x_wconf 84' lang='lat' dir='ltr'>deletae</span> <span class='ocrx_word' id='word_1_296' title='bbox 991 1466 1003 1483; x_wconf 79' lang='lat'>‚</span> <span class='ocrx_word' id='word_1_297' title='bbox 1029 1454 1134 1490; x_wconf 83' lang='lat' dir='ltr'>atque</span> <span class='ocrx_word' id='word_1_298' title='bbox 1161 1447 1307 1482; x_wconf 83' lang='lat' dir='ltr'>incensae</span> <span class='ocrx_word' id='word_1_299' title='bbox 1329 1459 1389 1480; x_wconf 84' lang='lat' dir='ltr'>ur·</span> 
     </span>
     <span class='ocr_line' id='line_1_46' title="bbox 489 1483 1389 1526; baseline 0.011 -10"><span class='ocrx_word' id='word_1_300' title='bbox 489 1483 545 1517; x_wconf 86' lang='lat' dir='ltr'>bis</span> <span class='ocrx_word' id='word_1_301' title='bbox 570 1485 705 1523; x_wconf 59' lang='lat' dir='ltr'>miore,</span> <span class='ocrx_word' id='word_1_302' title='bbox 732 1485 785 1520; x_wconf 85' lang='lat' dir='ltr'>sed</span> <span class='ocrx_word' id='word_1_303' title='bbox 810 1486 1016 1523; x_wconf 85' lang='lat' dir='ltr'>admiranda</span> <span class='ocrx_word' id='word_1_304' title='bbox 1041 1502 1112 1523; x_wconf 85' lang='lat' dir='ltr'>non</span> <span class='ocrx_word' id='word_1_305' title='bbox 1133 1501 1305 1526; x_wconf 85' lang='lat' dir='ltr'>curarunt</span> <span class='ocrx_word' id='word_1_306' title='bbox 1329 1504 1389 1526; x_wconf 86' lang='lat' dir='ltr'>ve-</span> 
     </span>
     <span class='ocr_line' id='line_1_47' title="bbox 489 1529 1391 1579; baseline 0.01 -18"><span class='ocrx_word' id='word_1_307' title='bbox 489 1529 588 1572; x_wconf 78' lang='lat' dir='ltr'>stigia</span> <span class='ocrx_word' id='word_1_308' title='bbox 613 1529 836 1574; x_wconf 87' lang='lat' dir='ltr'>publicorum</span> <span class='ocrx_word' id='word_1_309' title='bbox 866 1536 1035 1579; x_wconf 82' lang='lat' dir='ltr'>praecipue</span> <span class='ocrx_word' id='word_1_310' title='bbox 1058 1533 1303 1572; x_wconf 68' lang='lat' dir='ltr'>aedificiorum.</span> <span class='ocrx_word' id='word_1_311' title='bbox 1318 1540 1391 1572; x_wconf 83' lang='lat' dir='ltr'>No·</span> 
     </span>
     <span class='ocr_line' id='line_1_48' title="bbox 479 1573 1390 1628; baseline 0.013 -23"><span class='ocrx_word' id='word_1_312' title='bbox 479 1584 535 1606; x_wconf 55' lang='lat' dir='ltr'>wa</span> <span class='ocrx_word' id='word_1_313' title='bbox 560 1573 642 1607; x_wconf 90' lang='lat' dir='ltr'>urbs</span> <span class='ocrx_word' id='word_1_314' title='bbox 667 1577 878 1612; x_wconf 82' lang='lat' dir='ltr'>circumflua</span> <span class='ocrx_word' id='word_1_315' title='bbox 901 1577 969 1613; x_wconf 82' lang='lat' dir='ltr'>five</span> <span class='ocrx_word' id='word_1_316' title='bbox 994 1580 1007 1621; x_wconf 85' lang='lat'>(</span> <span class='ocrx_word' id='word_1_317' title='bbox 1030 1588 1071 1614; x_wconf 88' lang='lat' dir='ltr'>ut</span> <span class='ocrx_word' id='word_1_318' title='bbox 1096 1582 1211 1616; x_wconf 85' lang='lat' dir='ltr'>Graeci</span> <span class='ocrx_word' id='word_1_319' title='bbox 1236 1581 1390 1628; x_wconf 90' lang='lat' dir='ltr'>loquun-</span> 
     </span>
     <span class='ocr_line' id='line_1_49' title="bbox 487 1619 1391 1671; baseline 0.012 -21"><span class='ocrx_word' id='word_1_320' title='bbox 487 1628 547 1652; x_wconf 76' lang='lat' dir='ltr'>tur</span> <span class='ocrx_word' id='word_1_321' title='bbox 569 1619 582 1660; x_wconf 86' lang='lat'><em>)</em></span> <span class='ocrx_word' id='word_1_322' title='bbox 607 1621 848 1665; x_wconf 76' lang='lat' dir='ltr'>amphitalass&#39;a</span> <span class='ocrx_word' id='word_1_323' title='bbox 864 1645 874 1660; x_wconf 80' lang='grc'><em>,</em></span> <span class='ocrx_word' id='word_1_324' title='bbox 891 1623 1041 1671; x_wconf 83' lang='lat' dir='ltr'>oblonge</span> <span class='ocrx_word' id='word_1_325' title='bbox 1064 1624 1206 1664; x_wconf 66' lang='lat' dir='ltr'>insulae,</span> <span class='ocrx_word' id='word_1_326' title='bbox 1229 1637 1290 1661; x_wconf 88' lang='lat' dir='ltr'>aut</span> <span class='ocrx_word' id='word_1_327' title='bbox 1315 1628 1391 1661; x_wconf 86' lang='lat' dir='ltr'>lon-</span> 
     </span>
     <span class='ocr_line' id='line_1_50' title="bbox 486 1665 1389 1717; baseline 0.011 -22"><span class='ocrx_word' id='word_1_328' title='bbox 486 1674 536 1708; x_wconf 60' lang='lat' dir='ltr'>§.2ae</span> <span class='ocrx_word' id='word_1_329' title='bbox 561 1666 662 1696; x_wconf 86' lang='lat' dir='ltr'>navis</span> <span class='ocrx_word' id='word_1_330' title='bbox 685 1665 793 1700; x_wconf 80' lang='lat' dir='ltr'>habet</span> <span class='ocrx_word' id='word_1_331' title='bbox 822 1667 985 1712; x_wconf 84' lang='lat' dir='ltr'>speciem.</span> <span class='ocrx_word' id='word_1_332' title='bbox 1029 1672 1058 1704; x_wconf 82' lang='lat' dir='ltr'><strong>A</strong></span> <span class='ocrx_word' id='word_1_333' title='bbox 1088 1673 1199 1717; x_wconf 86' lang='lat' dir='ltr'>Puppi</span> <span class='ocrx_word' id='word_1_334' title='bbox 1222 1671 1389 1708; x_wconf 81' lang='lat' dir='ltr'>manufa-</span> 
     </span>
     <span class='ocr_line' id='line_1_51' title="bbox 486 1707 1389 1762; baseline 0.011 -21"><span class='ocrx_word' id='word_1_335' title='bbox 486 1709 540 1742; x_wconf 59' lang='lat' dir='ltr'>&amp;a</span> <span class='ocrx_word' id='word_1_336' title='bbox 574 1708 619 1742; x_wconf 81' lang='lat' dir='ltr'>est</span> <span class='ocrx_word' id='word_1_337' title='bbox 642 1707 723 1745; x_wconf 79' lang='lat' dir='ltr'>foss&#39;a</span> <span class='ocrx_word' id='word_1_338' title='bbox 751 1733 762 1748; x_wconf 84' lang='lat'>‚</span> <span class='ocrx_word' id='word_1_339' title='bbox 804 1713 919 1758; x_wconf 81' lang='lat' dir='ltr'>longis</span> <span class='ocrx_word' id='word_1_340' title='bbox 947 1714 1099 1750; x_wconf 87' lang='lat' dir='ltr'>navibus</span> <span class='ocrx_word' id='word_1_341' title='bbox 1138 1718 1389 1762; x_wconf 78' lang='lat' dir='ltr'>permeabilis,</span> 
     </span>
     <span class='ocr_line' id='line_1_52' title="bbox 485 1759 1386 1798; baseline 0.013 -15"><span class='ocrx_word' id='word_1_342' title='bbox 485 1765 561 1798; x_wconf 60' lang='lat' dir='ltr'>quae</span> <span class='ocrx_word' id='word_1_343' title='bbox 591 1762 786 1796; x_wconf 83' lang='lat' dir='ltr'>utrumque</span> <span class='ocrx_word' id='word_1_344' title='bbox 809 1770 904 1792; x_wconf 87' lang='lat' dir='ltr'>mare</span> <span class='ocrx_word' id='word_1_345' title='bbox 935 1759 1098 1794; x_wconf 85' lang='lat' dir='ltr'>admittit</span> <span class='ocrx_word' id='word_1_346' title='bbox 1121 1773 1139 1795; x_wconf 88' lang='lat' dir='ltr'>a</span> <span class='ocrx_word' id='word_1_347' title='bbox 1165 1763 1386 1797; x_wconf 84' lang='lat' dir='ltr'>Continente</span> 
     </span>
     <span class='ocr_line' id='line_1_53' title="bbox 485 1799 1386 1842; baseline 0.01 -10"><span class='ocrx_word' id='word_1_348' title='bbox 485 1799 629 1832; x_wconf 82' lang='lat' dir='ltr'>Marcus</span> <span class='ocrx_word' id='word_1_349' title='bbox 655 1803 836 1835; x_wconf 83' lang='lat' dir='ltr'>Antonius</span> <span class='ocrx_word' id='word_1_350' title='bbox 861 1805 1121 1839; x_wconf 78' lang='lat' dir='ltr'>Philomarinus</span> <span class='ocrx_word' id='word_1_351' title='bbox 1138 1808 1271 1842; x_wconf 87' lang='lat' dir='ltr'>nobilis</span> <span class='ocrx_word' id='word_1_352' title='bbox 1293 1810 1386 1842; x_wconf 84' lang='lat' dir='ltr'>Nea-</span> 
     </span>
     <span class='ocr_line' id='line_1_54' title="bbox 486 1842 1381 1896; baseline 0.015 -22"><span class='ocrx_word' id='word_1_353' title='bbox 486 1843 666 1888; x_wconf 74' lang='lat' dir='ltr'>politanus</span> <span class='ocrx_word' id='word_1_354' title='bbox 692 1843 733 1877; x_wconf 90' lang='lat' dir='ltr'>de</span> <span class='ocrx_word' id='word_1_355' title='bbox 762 1842 858 1880; x_wconf 84' lang='lat' dir='ltr'>sedili</span> <span class='ocrx_word' id='word_1_356' title='bbox 876 1850 1229 1896; x_wconf 52' lang='lat' dir='ltr'>‚plateaqumquam</span> <span class='ocrx_word' id='word_1_357' title='bbox 1252 1853 1381 1887; x_wconf 91' lang='lat' dir='ltr'>dicunt</span> 
     </span>
     <span class='ocr_line' id='line_1_55' title="bbox 482 1890 1380 1942; baseline 0.017 -24"><span class='ocrx_word' id='word_1_358' title='bbox 482 1890 691 1932; x_wconf 85' lang='lat' dir='ltr'>Capuanam</span> <span class='ocrx_word' id='word_1_359' title='bbox 708 1911 718 1927; x_wconf 88' lang='lat'>‚</span> <span class='ocrx_word' id='word_1_360' title='bbox 734 1891 819 1926; x_wconf 80' lang='lat' dir='ltr'>iuffu</span> <span class='ocrx_word' id='word_1_361' title='bbox 846 1894 1053 1929; x_wconf 78' lang='lat' dir='ltr'>Ferdinandi</span> <span class='ocrx_word' id='word_1_362' title='bbox 1077 1898 1108 1929; x_wconf 72' lang='grc' dir='ltr'>δε</span> <span class='ocrx_word' id='word_1_363' title='bbox 1130 1897 1299 1942; x_wconf 78' lang='lat' dir='ltr'>Alphonsi</span> <span class='ocrx_word' id='word_1_364' title='bbox 1321 1900 1380 1933; x_wconf 86' lang='lat' dir='ltr'>iu-</span> 
     </span>
     <span class='ocr_line' id='line_1_56' title="bbox 481 1933 1382 1984; baseline 0.013 -17"><span class='ocrx_word' id='word_1_365' title='bbox 481 1933 594 1967; x_wconf 90' lang='lat' dir='ltr'>nioris</span> <span class='ocrx_word' id='word_1_366' title='bbox 609 1954 620 1970; x_wconf 67' lang='lat'>2</span> <span class='ocrx_word' id='word_1_367' title='bbox 644 1936 704 1968; x_wconf 89' lang='lat' dir='ltr'>cui</span> <span class='ocrx_word' id='word_1_368' title='bbox 730 1936 893 1972; x_wconf 82' lang='lat' dir='ltr'>Straboni</span> <span class='ocrx_word' id='word_1_369' title='bbox 913 1951 1088 1984; x_wconf 82' lang='lat' dir='ltr'>agnomen</span> <span class='ocrx_word' id='word_1_370' title='bbox 1113 1940 1182 1976; x_wconf 90' lang='lat' dir='ltr'>fuit</span> <span class='ocrx_word' id='word_1_371' title='bbox 1197 1966 1207 1982; x_wconf 87' lang='lat'>‚</span> <span class='ocrx_word' id='word_1_372' title='bbox 1224 1946 1313 1978; x_wconf 87' lang='lat' dir='ltr'>mira</span> <span class='ocrx_word' id='word_1_373' title='bbox 1329 1956 1382 1978; x_wconf 85' lang='lat' dir='ltr'>ar-</span> 
     </span>
     <span class='ocr_line' id='line_1_57' title="bbox 480 1979 1380 2033; baseline 0.014 -22"><span class='ocrx_word' id='word_1_374' title='bbox 480 1986 544 2015; x_wconf 81' lang='lat' dir='ltr'>te,</span> <span class='ocrx_word' id='word_1_375' title='bbox 572 1979 604 2009; x_wconf 71' lang='lat'>86</span> <span class='ocrx_word' id='word_1_376' title='bbox 630 1980 776 2023; x_wconf 80' lang='lat' dir='ltr'>ingenio</span> <span class='ocrx_word' id='word_1_377' title='bbox 801 1981 932 2018; x_wconf 82' lang='lat' dir='ltr'>abscidi</span> <span class='ocrx_word' id='word_1_378' title='bbox 961 1988 1127 2025; x_wconf 89' lang='lat' dir='ltr'>curavit,</span> <span class='ocrx_word' id='word_1_379' title='bbox 1148 2000 1259 2033; x_wconf 89' lang='lat' dir='ltr'>quum</span> <span class='ocrx_word' id='word_1_380' title='bbox 1285 1991 1380 2023; x_wconf 86' lang='lat' dir='ltr'>Tur-</span> 
     </span>
     <span class='ocr_line' id='line_1_58' title="bbox 480 2021 1384 2073; baseline 0.018 -20"><span class='ocrx_word' id='word_1_381' title='bbox 480 2032 529 2058; x_wconf 83' lang='lat' dir='ltr'>cae</span> <span class='ocrx_word' id='word_1_382' title='bbox 550 2021 738 2068; x_wconf 74' lang='lat' dir='ltr'>Hydrunte</span> <span class='ocrx_word' id='word_1_383' title='bbox 760 2036 862 2073; x_wconf 84' lang='lat' dir='ltr'>capta</span> <span class='ocrx_word' id='word_1_384' title='bbox 886 2031 980 2065; x_wconf 89' lang='lat' dir='ltr'>inter</span> <span class='ocrx_word' id='word_1_385' title='bbox 1005 2032 1091 2065; x_wconf 82' lang='lat' dir='ltr'>alias</span> <span class='ocrx_word' id='word_1_386' title='bbox 1117 2036 1152 2067; x_wconf 88' lang='lat' dir='ltr'>Sa</span> <span class='ocrx_word' id='word_1_387' title='bbox 1165 2035 1384 2069; x_wconf 87' lang='lat' dir='ltr'>lentinorum</span> 
     </span>
     <span class='ocr_line' id='line_1_59' title="bbox 481 2068 1384 2124; baseline 0.016 -25"><span class='ocrx_word' id='word_1_388' title='bbox 481 2068 588 2100; x_wconf 76' lang='lat' dir='ltr'>‘urbes</span> <span class='ocrx_word' id='word_1_389' title='bbox 609 2069 767 2104; x_wconf 85' lang='lat' dir='ltr'>Tarento</span> <span class='ocrx_word' id='word_1_390' title='bbox 794 2093 805 2109; x_wconf 85' lang='lat'><strong>‚</strong></span> <span class='ocrx_word' id='word_1_391' title='bbox 831 2084 973 2120; x_wconf 89' lang='lat' dir='ltr'>propter</span> <span class='ocrx_word' id='word_1_392' title='bbox 1001 2074 1180 2113; x_wconf 85' lang='lat' dir='ltr'>summam</span> <span class='ocrx_word' id='word_1_393' title='bbox 1205 2080 1281 2112; x_wconf 84' lang='lat' dir='ltr'>eius</span> <span class='ocrx_word' id='word_1_394' title='bbox 1304 2090 1384 2124; x_wconf 89' lang='lat' dir='ltr'>por-</span> 
     </span>
     <span class='ocr_line' id='line_1_60' title="bbox 479 2117 1382 2160; baseline 0.018 -17"><span class='ocrx_word' id='word_1_395' title='bbox 479 2122 539 2146; x_wconf 89' lang='lat' dir='ltr'>tus</span> <span class='ocrx_word' id='word_1_396' title='bbox 563 2117 867 2159; x_wconf 84' lang='lat' dir='ltr'>opportunitatem</span> <span class='ocrx_word' id='word_1_397' title='bbox 903 2123 1135 2157; x_wconf 87' lang='lat' dir='ltr'>imminerent</span> <span class='ocrx_word' id='word_1_398' title='bbox 1162 2149 1172 2158; x_wconf 87' lang='lat'>.</span> <span class='ocrx_word' id='word_1_399' title='bbox 1212 2123 1382 2160; x_wconf 81' lang='lat' dir='ltr'>Eamdem</span> 
     </span>
     <span class='ocr_line' id='line_1_61' title="bbox 482 2155 1382 2209; baseline 0.017 -18"><span class='ocrx_word' id='word_1_400' title='bbox 482 2155 604 2191; x_wconf 77' lang='lat' dir='ltr'>fossam</span> <span class='ocrx_word' id='word_1_401' title='bbox 632 2159 756 2196; x_wconf 83' lang='lat' dir='ltr'>nostris</span> <span class='ocrx_word' id='word_1_402' title='bbox 778 2164 999 2209; x_wconf 85' lang='lat' dir='ltr'>temporibus</span> <span class='ocrx_word' id='word_1_403' title='bbox 1024 2168 1183 2204; x_wconf 80' lang='lat' dir='ltr'>latiorem</span> <span class='ocrx_word' id='word_1_404' title='bbox 1201 2168 1275 2204; x_wconf 80' lang='lat' dir='ltr'>fieri</span> <span class='ocrx_word' id='word_1_405' title='bbox 1301 2171 1382 2204; x_wconf 86' lang='lat' dir='ltr'>Phi-</span> 
     </span>
     <span class='ocr_line' id='line_1_62' title="bbox 483 2203 1382 2255; baseline 0.019 -22"><span class='ocrx_word' id='word_1_406' title='bbox 483 2203 602 2247; x_wconf 81' lang='lat' dir='ltr'>lippus</span> <span class='ocrx_word' id='word_1_407' title='bbox 630 2203 829 2240; x_wconf 86' lang='lat' dir='ltr'>Austriacus</span> <span class='ocrx_word' id='word_1_408' title='bbox 849 2210 967 2244; x_wconf 84' lang='lat' dir='ltr'>Caroli</span> <span class='ocrx_word' id='word_1_409' title='bbox 995 2211 1135 2248; x_wconf 73' lang='lat' dir='ltr'>Caesaris</span> <span class='ocrx_word' id='word_1_410' title='bbox 1160 2214 1281 2255; x_wconf 84' lang='lat' dir='ltr'>filius,</span> <span class='ocrx_word' id='word_1_411' title='bbox 1310 2219 1382 2250; x_wconf 77' lang='lat' dir='ltr'>Rex</span> 
     </span>
     <span class='ocr_line' id='line_1_63' title="bbox 478 2246 1382 2295; baseline 0.015 -14"><span class='ocrx_word' id='word_1_412' title='bbox 478 2247 594 2281; x_wconf 86' lang='lat' dir='ltr'>nostro</span> <span class='ocrx_word' id='word_1_413' title='bbox 619 2246 743 2283; x_wconf 81' lang='lat' dir='ltr'>saeculo</span> <span class='ocrx_word' id='word_1_414' title='bbox 769 2253 1019 2290; x_wconf 59' lang='lat' dir='ltr'>invisiiffimus</span> <span class='ocrx_word' id='word_1_415' title='bbox 1053 2260 1084 2291; x_wconf 72' lang='grc' dir='ltr'>δε</span> <span class='ocrx_word' id='word_1_416' title='bbox 1110 2258 1190 2294; x_wconf 82' lang='lat' dir='ltr'>fidei</span> <span class='ocrx_word' id='word_1_417' title='bbox 1216 2259 1382 2295; x_wconf 82' lang='lat' dir='ltr'>Christia-</span> 
     </span>
     <span class='ocr_line' id='line_1_64' title="bbox 476 2290 1380 2350; baseline 0.022 -28"><span class='ocrx_word' id='word_1_418' title='bbox 476 2304 531 2328; x_wconf 75' lang='lat' dir='ltr'>nae</span> <span class='ocrx_word' id='word_1_419' title='bbox 556 2290 712 2327; x_wconf 87' lang='lat' dir='ltr'>defensor</span> <span class='ocrx_word' id='word_1_420' title='bbox 748 2300 940 2333; x_wconf 88' lang='lat' dir='ltr'>acerrimus</span> <span class='ocrx_word' id='word_1_421' title='bbox 966 2301 1151 2338; x_wconf 83' lang='lat' dir='ltr'>mandavit</span> <span class='ocrx_word' id='word_1_422' title='bbox 1173 2327 1184 2343; x_wconf 86' lang='lat'><strong>‚</strong></span> <span class='ocrx_word' id='word_1_423' title='bbox 1224 2309 1254 2340; x_wconf 83' lang='lat'>&amp;</span> <span class='ocrx_word' id='word_1_424' title='bbox 1282 2307 1380 2350; x_wconf 78' lang='lat' dir='ltr'>operi</span> 
     </span>
     <span class='ocr_line' id='line_1_65' title="bbox 480 2335 1136 2388; baseline 0.02 -18"><span class='ocrx_word' id='word_1_425' title='bbox 480 2335 624 2383; x_wconf 79' lang='lat' dir='ltr'>praefuit</span> <span class='ocrx_word' id='word_1_426' title='bbox 653 2339 777 2375; x_wconf 85' lang='lat' dir='ltr'>Ribera</span> <span class='ocrx_word' id='word_1_427' title='bbox 817 2345 1012 2388; x_wconf 86' lang='lat' dir='ltr'>provinciis</span> <span class='ocrx_word' id='word_1_428' title='bbox 1048 2355 1136 2383; x_wconf 87' lang='lat' dir='ltr'>tunc</span> 
     </span>
     <span class='ocr_line' id='line_1_66' title="bbox 481 2381 1374 2440; baseline 0.019 -26"><span class='ocrx_word' id='word_1_429' title='bbox 481 2386 514 2415; x_wconf 64' lang='grc' dir='ltr'>ὅ(</span> <span class='ocrx_word' id='word_1_430' title='bbox 536 2381 640 2417; x_wconf 75' lang='lat' dir='ltr'>hodie</span> <span class='ocrx_word' id='word_1_431' title='bbox 664 2387 793 2430; x_wconf 82' lang='lat' dir='ltr'>Regius</span> <span class='ocrx_word' id='word_1_432' title='bbox 814 2389 1055 2425; x_wconf 83' lang='lat' dir='ltr'>Cancellarins</span> <span class='ocrx_word' id='word_1_433' title='bbox 1071 2416 1081 2431; x_wconf 85' lang='lat'>‚</span> <span class='ocrx_word' id='word_1_434' title='bbox 1110 2398 1142 2429; x_wconf 72' lang='grc' dir='ltr'>δε</span> <span class='ocrx_word' id='word_1_435' title='bbox 1165 2397 1284 2440; x_wconf 59' lang='lat' dir='ltr'>magni</span> <span class='ocrx_word' id='word_1_436' title='bbox 1310 2396 1374 2429; x_wconf 86' lang='lat' dir='ltr'>Ca-</span> 
     </span>
     <span class='ocr_line' id='line_1_67' title="bbox 479 2429 1377 2477; baseline 0.016 -17"><span class='ocrx_word' id='word_1_437' title='bbox 479 2429 628 2464; x_wconf 84' lang='lat' dir='ltr'>merarii</span> <span class='ocrx_word' id='word_1_438' title='bbox 655 2432 928 2468; x_wconf 81' lang='lat' dir='ltr'>Locumtenens.</span> <span class='ocrx_word' id='word_1_439' title='bbox 957 2439 1057 2471; x_wconf 82' lang='lat' dir='ltr'>Prora</span> <span class='ocrx_word' id='word_1_440' title='bbox 1073 2461 1082 2477; x_wconf 87' lang='lat'><strong>‚</strong></span> <span class='ocrx_word' id='word_1_441' title='bbox 1098 2440 1158 2474; x_wconf 87' lang='lat' dir='ltr'>ubi</span> <span class='ocrx_word' id='word_1_442' title='bbox 1183 2433 1277 2475; x_wconf 64' lang='lat' dir='ltr'>aestus</span> <span class='ocrx_word' id='word_1_443' title='bbox 1303 2453 1377 2476; x_wconf 88' lang='lat' dir='ltr'>ma-</span> 
     </span>
     <span class='ocr_line' id='line_1_68' title="bbox 478 2475 1377 2520; baseline 0.018 -16"><span class='ocrx_word' id='word_1_444' title='bbox 478 2475 528 2508; x_wconf 70' lang='lat' dir='ltr'>ris</span> <span class='ocrx_word' id='word_1_445' title='bbox 551 2476 849 2511; x_wconf 80' lang='lat' dir='ltr'>concitatiffimus</span> <span class='ocrx_word' id='word_1_446' title='bbox 870 2479 915 2512; x_wconf 88' lang='lat' dir='ltr'>est</span> <span class='ocrx_word' id='word_1_447' title='bbox 945 2503 955 2517; x_wconf 86' lang='lat'><strong>‚</strong></span> <span class='ocrx_word' id='word_1_448' title='bbox 984 2482 1148 2519; x_wconf 67' lang='lat' dir='ltr'>fluffibus</span> <span class='ocrx_word' id='word_1_449' title='bbox 1171 2490 1201 2520; x_wconf 67' lang='lat' dir='ltr'>Sc</span> <span class='ocrx_word' id='word_1_450' title='bbox 1228 2486 1377 2520; x_wconf 72' lang='lat' dir='ltr'>refluen·</span> 
     </span>
     <span class='ocr_line' id='line_1_69' title="bbox 483 2518 1376 2570; baseline 0.013 -21"><span class='ocrx_word' id='word_1_451' title='bbox 483 2518 579 2570; x_wconf 67' lang='lat' dir='ltr'>tibus</span> <span class='ocrx_word' id='word_1_452' title='bbox 615 2519 721 2553; x_wconf 87' lang='lat' dir='ltr'>undis</span> <span class='ocrx_word' id='word_1_453' title='bbox 744 2522 849 2556; x_wconf 82' lang='lat' dir='ltr'>instar</span> <span class='ocrx_word' id='word_1_454' title='bbox 873 2526 1085 2570; x_wconf 84' lang='lat' dir='ltr'>rapidiffimi</span> <span class='ocrx_word' id='word_1_455' title='bbox 1113 2534 1281 2565; x_wconf 85' lang='lat' dir='ltr'>torrentis</span> <span class='ocrx_word' id='word_1_456' title='bbox 1311 2530 1376 2563; x_wconf 82' lang='lat' dir='ltr'>du.</span> 
     </span>
     <span class='ocr_line' id='line_1_70' title="bbox 480 2563 1374 2621; baseline 0.021 -26"><span class='ocrx_word' id='word_1_457' title='bbox 480 2563 587 2608; x_wconf 81' lang='lat' dir='ltr'>plicis</span> <span class='ocrx_word' id='word_1_458' title='bbox 612 2564 757 2607; x_wconf 88' lang='lat' dir='ltr'>quidem</span> <span class='ocrx_word' id='word_1_459' title='bbox 783 2589 794 2604; x_wconf 90' lang='lat'>‚</span> <span class='ocrx_word' id='word_1_460' title='bbox 830 2568 885 2601; x_wconf 89' lang='lat' dir='ltr'>vel</span> <span class='ocrx_word' id='word_1_461' title='bbox 923 2582 1030 2617; x_wconf 85' lang='lat' dir='ltr'>prope</span> <span class='ocrx_word' id='word_1_462' title='bbox 1060 2572 1192 2611; x_wconf 75' lang='lat' dir='ltr'>dixeris</span> <span class='ocrx_word' id='word_1_463' title='bbox 1219 2578 1374 2621; x_wconf 70' lang='lat' dir='ltr'>Euripi,</span> 
     </span>
     <span class='ocr_line' id='line_1_71' title="bbox 477 2608 1374 2687; baseline 0.022 -49"><span class='ocrx_word' id='word_1_464' title='bbox 477 2615 622 2687; x_wconf 49' lang='lat' dir='ltr'>propter</span> <span class='ocrx_word' id='word_1_465' title='bbox 634 2608 808 2661; x_wconf 81' lang='lat' dir='ltr'>undarum</span> <span class='ocrx_word' id='word_1_466' title='bbox 830 2614 939 2649; x_wconf 84' lang='lat' dir='ltr'>Lunae</span> <span class='ocrx_word' id='word_1_467' title='bbox 962 2619 973 2657; x_wconf 81' lang='lat' dir='ltr'>s</span> <span class='ocrx_word' id='word_1_468' title='bbox 1000 2627 1039 2651; x_wconf 90' lang='lat' dir='ltr'>ut</span> <span class='ocrx_word' id='word_1_469' title='bbox 1062 2621 1167 2655; x_wconf 79' lang='lat' dir='ltr'>aiunt</span> <span class='ocrx_word' id='word_1_470' title='bbox 1192 2626 1205 2663; x_wconf 86' lang='lat'><em>)</em></span> <span class='ocrx_word' id='word_1_471' title='bbox 1232 2631 1374 2656; x_wconf 87' lang='lat' dir='ltr'>motum</span> 
     </span>
     <span class='ocr_line' id='line_1_72' title="bbox 495 2654 1375 2706; baseline 0.026 -24"><span class='ocrx_word' id='word_1_472' title='bbox 495 2663 569 2686; x_wconf 85' lang='lat' dir='ltr'>ems</span> <span class='ocrx_word' id='word_1_473' title='bbox 594 2654 789 2706; x_wconf 62' lang='lat' dir='ltr'>quibusque</span> <span class='ocrx_word' id='word_1_474' title='bbox 823 2658 916 2693; x_wconf 80' lang='lat' dir='ltr'>horis</span> <span class='ocrx_word' id='word_1_475' title='bbox 951 2664 1215 2700; x_wconf 77' lang='lat' dir='ltr'>conversionem</span> <span class='ocrx_word' id='word_1_476' title='bbox 1242 2689 1253 2705; x_wconf 67' lang='lat'><em>⁷</em></span> <span class='ocrx_word' id='word_1_477' title='bbox 1288 2666 1375 2699; x_wconf 59' lang='grc' dir='ltr'>Λυθ-</span> 
     </span>
     <span class='ocr_line' id='line_1_73' title="bbox 476 2697 1376 2745; baseline 0.019 -16"><span class='ocrx_word' id='word_1_478' title='bbox 476 2697 542 2734; x_wconf 90' lang='lat' dir='ltr'>bus</span> <span class='ocrx_word' id='word_1_479' title='bbox 572 2709 590 2731; x_wconf 86' lang='lat' dir='ltr'>a</span> <span class='ocrx_word' id='word_1_480' title='bbox 615 2698 843 2743; x_wconf 79' lang='lat' dir='ltr'>piscatoribus</span> <span class='ocrx_word' id='word_1_481' title='bbox 879 2715 1036 2742; x_wconf 86' lang='lat' dir='ltr'>notatam</span> <span class='ocrx_word' id='word_1_482' title='bbox 1073 2711 1281 2744; x_wconf 86' lang='lat' dir='ltr'>nominibus</span> <span class='ocrx_word' id='word_1_483' title='bbox 1304 2715 1376 2745; x_wconf 86' lang='lat' dir='ltr'>Ser-</span> 
     </span>
     <span class='ocr_line' id='line_1_74' title="bbox 476 2745 1372 2802; baseline 0.016 -27"><span class='ocrx_word' id='word_1_484' title='bbox 476 2755 515 2779; x_wconf 78' lang='lat' dir='ltr'>ra</span> <span class='ocrx_word' id='word_1_485' title='bbox 540 2764 550 2781; x_wconf 85' lang='lat'>‚</span> <span class='ocrx_word' id='word_1_486' title='bbox 588 2745 618 2776; x_wconf 84' lang='lat'>&amp;</span> <span class='ocrx_word' id='word_1_487' title='bbox 646 2745 795 2781; x_wconf 84' lang='lat' dir='ltr'>Chioma</span> <span class='ocrx_word' id='word_1_488' title='bbox 821 2750 992 2792; x_wconf 84' lang='lat' dir='ltr'>pontibus</span> <span class='ocrx_word' id='word_1_489' title='bbox 1019 2764 1101 2789; x_wconf 90' lang='lat' dir='ltr'>cum</span> <span class='ocrx_word' id='word_1_490' title='bbox 1136 2755 1262 2802; x_wconf 65' lang='lat' dir='ltr'>ligneita</span> <span class='ocrx_word' id='word_1_491' title='bbox 1296 2766 1372 2790; x_wconf 87' lang='lat' dir='ltr'>tum</span> 
     </span>
     <span class='ocr_line' id='line_1_75' title="bbox 474 2785 1374 2842; baseline 0.016 -21"><span class='ocrx_word' id='word_1_492' title='bbox 474 2785 625 2841; x_wconf 75' lang='lat' dir='ltr'>lapideis</span> <span class='ocrx_word' id='word_1_493' title='bbox 651 2790 829 2835; x_wconf 58' lang='lat' dir='ltr'>ofiloginta</span> <span class='ocrx_word' id='word_1_494' title='bbox 855 2792 923 2829; x_wconf 85' lang='lat' dir='ltr'>fere</span> <span class='ocrx_word' id='word_1_495' title='bbox 953 2797 1023 2832; x_wconf 79' lang='lat' dir='ltr'>taff.</span> <span class='ocrx_word' id='word_1_496' title='bbox 1050 2802 1082 2834; x_wconf 68' lang='grc' dir='ltr'>ὅ(</span> <span class='ocrx_word' id='word_1_497' title='bbox 1110 2802 1265 2842; x_wconf 85' lang='lat' dir='ltr'>amplius</span> <span class='ocrx_word' id='word_1_498' title='bbox 1289 2813 1374 2836; x_wconf 81' lang='lat' dir='ltr'>con-</span> 
     </span>
     <span class='ocr_line' id='line_1_76' title="bbox 477 2835 1375 2885; baseline 0.014 -18"><span class='ocrx_word' id='word_1_499' title='bbox 477 2835 611 2885; x_wconf 73' lang='lat' dir='ltr'>tinentr</span> <span class='ocrx_word' id='word_1_500' title='bbox 636 2835 845 2881; x_wconf 73' lang='lat' dir='ltr'>adiungitur</span> <span class='ocrx_word' id='word_1_501' title='bbox 870 2862 882 2879; x_wconf 86' lang='lat'>‚</span> <span class='ocrx_word' id='word_1_502' title='bbox 912 2852 982 2881; x_wconf 79' lang='lat' dir='ltr'>quo</span> <span class='ocrx_word' id='word_1_503' title='bbox 1008 2845 1044 2878; x_wconf 91' lang='lat' dir='ltr'>in</span> <span class='ocrx_word' id='word_1_504' title='bbox 1075 2846 1150 2879; x_wconf 93' lang='lat' dir='ltr'>loco</span> <span class='ocrx_word' id='word_1_505' title='bbox 1177 2846 1375 2881; x_wconf 80' lang='lat' dir='ltr'>frumenta-</span> 
     </span>
     <span class='ocr_line' id='line_1_77' title="bbox 474 2879 1371 2938; baseline 0.017 -26"><span class='ocrx_word' id='word_1_506' title='bbox 474 2889 545 2912; x_wconf 79' lang='lat' dir='ltr'>rias</span> <span class='ocrx_word' id='word_1_507' title='bbox 570 2879 657 2920; x_wconf 81' lang='lat' dir='ltr'>poffe</span> <span class='ocrx_word' id='word_1_508' title='bbox 678 2881 758 2916; x_wconf 87' lang='lat' dir='ltr'>strui</span> <span class='ocrx_word' id='word_1_509' title='bbox 785 2886 896 2918; x_wconf 68' lang='lat' dir='ltr'>molas</span> <span class='ocrx_word' id='word_1_510' title='bbox 923 2899 993 2921; x_wconf 86' lang='lat' dir='ltr'>non</span> <span class='ocrx_word' id='word_1_511' title='bbox 1022 2887 1371 2938; x_wconf 80' lang='lat' dir='ltr'>semeldisceptatum</span> 
     </span>
     <span class='ocr_line' id='line_1_78' title="bbox 474 2922 1372 2982; baseline 0.016 -26"><span class='ocrx_word' id='word_1_512' title='bbox 474 2923 545 2960; x_wconf 84' lang='lat' dir='ltr'>est,</span> <span class='ocrx_word' id='word_1_513' title='bbox 571 2922 746 2969; x_wconf 84' lang='lat' dir='ltr'>habetque</span> <span class='ocrx_word' id='word_1_514' title='bbox 767 2929 847 2963; x_wconf 88' lang='lat' dir='ltr'>inde</span> <span class='ocrx_word' id='word_1_515' title='bbox 874 2930 1113 2970; x_wconf 83' lang='lat' dir='ltr'>difficiliorem</span> <span class='ocrx_word' id='word_1_516' title='bbox 1134 2938 1372 2982; x_wconf 82' lang='lat' dir='ltr'>oppugnatio-</span> 
     </span>
     <span class='ocr_line' id='line_1_79' title="bbox 477 2970 1366 3025; baseline 0.019 -25"><span class='ocrx_word' id='word_1_517' title='bbox 477 2979 574 3021; x_wconf 79' lang='lat' dir='ltr'>nem.</span> <span class='ocrx_word' id='word_1_518' title='bbox 601 2970 772 3006; x_wconf 82' lang='lat' dir='ltr'>Ambitus</span> <span class='ocrx_word' id='word_1_519' title='bbox 793 2975 985 3023; x_wconf 81' lang='lat' dir='ltr'>aliquando</span> <span class='ocrx_word' id='word_1_520' title='bbox 1012 2978 1081 3014; x_wconf 88' lang='lat' dir='ltr'>fuit</span> <span class='ocrx_word' id='word_1_521' title='bbox 1101 2983 1181 3025; x_wconf 80' lang='lat' dir='ltr'>paff.</span> <span class='ocrx_word' id='word_1_522' title='bbox 1193 2983 1248 3019; x_wconf 80' lang='lat' dir='ltr'>sex</span> <span class='ocrx_word' id='word_1_523' title='bbox 1271 2982 1366 3017; x_wconf 83' lang='lat' dir='ltr'>mill.</span> 
     </span>
     <span class='ocr_line' id='line_1_80' title="bbox 475 3011 1367 3065; baseline 0.018 -21"><span class='ocrx_word' id='word_1_524' title='bbox 475 3011 578 3065; x_wconf 76' lang='lat' dir='ltr'>hodie</span> <span class='ocrx_word' id='word_1_525' title='bbox 608 3028 680 3050; x_wconf 88' lang='lat' dir='ltr'>non</span> <span class='ocrx_word' id='word_1_526' title='bbox 702 3018 843 3055; x_wconf 86' lang='lat' dir='ltr'>videtur</span> <span class='ocrx_word' id='word_1_527' title='bbox 864 3021 1026 3058; x_wconf 82' lang='lat' dir='ltr'>excedere</span> <span class='ocrx_word' id='word_1_528' title='bbox 1064 3023 1214 3061; x_wconf 69' lang='lat' dir='ltr'>seatium</span> <span class='ocrx_word' id='word_1_529' title='bbox 1238 3025 1367 3061; x_wconf 85' lang='lat' dir='ltr'>duode-</span> 
     </span>
     <span class='ocr_line' id='line_1_81' title="bbox 475 3059 1366 3107; baseline 0.019 -18"><span class='ocrx_word' id='word_1_530' title='bbox 475 3067 547 3092; x_wconf 78' lang='lat' dir='ltr'>cim</span> <span class='ocrx_word' id='word_1_531' title='bbox 574 3059 774 3099; x_wconf 83' lang='lat' dir='ltr'>stadiorum.</span> <span class='ocrx_word' id='word_1_532' title='bbox 796 3068 983 3101; x_wconf 84' lang='lat' dir='ltr'>Internum</span> <span class='ocrx_word' id='word_1_533' title='bbox 1008 3072 1039 3103; x_wconf 73' lang='lat' dir='ltr'>Sc</span> <span class='ocrx_word' id='word_1_534' title='bbox 1062 3071 1266 3107; x_wconf 86' lang='lat' dir='ltr'>conclusum</span> <span class='ocrx_word' id='word_1_535' title='bbox 1291 3083 1366 3106; x_wconf 87' lang='lat' dir='ltr'>ma-</span> 
     </span>
     <span class='ocr_line' id='line_1_82' title="bbox 477 3104 1366 3162; baseline 0.018 -28"><span class='ocrx_word' id='word_1_536' title='bbox 477 3114 536 3139; x_wconf 79' lang='lat' dir='ltr'>re,</span> <span class='ocrx_word' id='word_1_537' title='bbox 556 3104 617 3137; x_wconf 89' lang='lat' dir='ltr'>ubi</span> <span class='ocrx_word' id='word_1_538' title='bbox 647 3107 855 3146; x_wconf 83' lang='lat' dir='ltr'>latiffimum</span> <span class='ocrx_word' id='word_1_539' title='bbox 869 3112 1013 3151; x_wconf 76' lang='lat' dir='ltr'>est‚vix</span> <span class='ocrx_word' id='word_1_540' title='bbox 1037 3115 1106 3150; x_wconf 90' lang='lat' dir='ltr'>duo</span> <span class='ocrx_word' id='word_1_541' title='bbox 1127 3117 1266 3162; x_wconf 81' lang='lat' dir='ltr'>perficit</span> <span class='ocrx_word' id='word_1_542' title='bbox 1281 3117 1366 3152; x_wconf 84' lang='lat' dir='ltr'>mil-</span> 
     </span>
     <span class='ocr_line' id='line_1_83' title="bbox 471 3147 1365 3208; baseline 0.02 -29"><span class='ocrx_word' id='word_1_543' title='bbox 471 3147 597 3186; x_wconf 73' lang='lat' dir='ltr'>naria,</span> <span class='ocrx_word' id='word_1_544' title='bbox 625 3152 661 3184; x_wconf 86' lang='lat' dir='ltr'>in</span> <span class='ocrx_word' id='word_1_545' title='bbox 686 3155 839 3190; x_wconf 85' lang='lat' dir='ltr'>circuitu</span> <span class='ocrx_word' id='word_1_546' title='bbox 867 3157 1053 3195; x_wconf 82' lang='lat' dir='ltr'>duodecim</span> <span class='ocrx_word' id='word_1_547' title='bbox 1083 3164 1198 3197; x_wconf 83' lang='lat' dir='ltr'>millia</span> <span class='ocrx_word' id='word_1_548' title='bbox 1228 3161 1307 3208; x_wconf 81' lang='lat' dir='ltr'>paff.</span> <span class='ocrx_word' id='word_1_549' title='bbox 1333 3164 1365 3196; x_wconf 84' lang='lat'>&amp;</span> 
     </span>
     <span class='ocr_line' id='line_1_84' title="bbox 472 3193 1369 3246; baseline 0.02 -23"><span class='ocrx_word' id='word_1_550' title='bbox 472 3193 576 3235; x_wconf 80' lang='lat' dir='ltr'>paulo</span> <span class='ocrx_word' id='word_1_551' title='bbox 605 3196 682 3236; x_wconf 78' lang='lat' dir='ltr'>plus</span> <span class='ocrx_word' id='word_1_552' title='bbox 719 3202 963 3246; x_wconf 66' lang='lat' dir='ltr'>compleSiitur</span> <span class='ocrx_word' id='word_1_553' title='bbox 1000 3217 1010 3238; x_wconf 75' lang='grc' dir='ltr'>ε</span> <span class='ocrx_word' id='word_1_554' title='bbox 1053 3215 1088 3242; x_wconf 88' lang='lat' dir='ltr'>at</span> <span class='ocrx_word' id='word_1_555' title='bbox 1114 3207 1276 3242; x_wconf 83' lang='lat' dir='ltr'>Straboni</span> <span class='ocrx_word' id='word_1_556' title='bbox 1299 3208 1369 3241; x_wconf 91' lang='lat' dir='ltr'>mi-</span> 
     </span>
     <span class='ocr_line' id='line_1_85' title="bbox 472 3238 1369 3287; baseline 0.013 -15"><span class='ocrx_word' id='word_1_557' title='bbox 472 3249 537 3272; x_wconf 90' lang='lat' dir='ltr'>nor</span> <span class='ocrx_word' id='word_1_558' title='bbox 561 3238 605 3272; x_wconf 84' lang='lat' dir='ltr'>est</span> <span class='ocrx_word' id='word_1_559' title='bbox 628 3251 774 3278; x_wconf 90' lang='lat' dir='ltr'>centum</span> <span class='ocrx_word' id='word_1_560' title='bbox 795 3246 960 3282; x_wconf 86' lang='lat' dir='ltr'>videlicet</span> <span class='ocrx_word' id='word_1_561' title='bbox 973 3251 1034 3287; x_wconf 74' lang='lat' dir='ltr'>vix</span> <span class='ocrx_word' id='word_1_562' title='bbox 1059 3251 1257 3287; x_wconf 86' lang='lat' dir='ltr'>stadiorum.</span> <span class='ocrx_word' id='word_1_563' title='bbox 1282 3253 1369 3286; x_wconf 83' lang='lat' dir='ltr'>Eius</span> 
     </span>
     <span class='ocr_line' id='line_1_86' title="bbox 472 3280 1368 3342; baseline 0.02 -29"><span class='ocrx_word' id='word_1_564' title='bbox 472 3280 588 3317; x_wconf 75' lang='lat' dir='ltr'>fauces</span> <span class='ocrx_word' id='word_1_565' title='bbox 615 3285 795 3330; x_wconf 75' lang='lat' dir='ltr'>longo(ut</span> <span class='ocrx_word' id='word_1_566' title='bbox 820 3290 1004 3339; x_wconf 80' lang='lat' dir='ltr'>diximus)</span> <span class='ocrx_word' id='word_1_567' title='bbox 1022 3296 1256 3330; x_wconf 86' lang='lat' dir='ltr'>includuntur</span> <span class='ocrx_word' id='word_1_568' title='bbox 1281 3307 1368 3342; x_wconf 90' lang='lat' dir='ltr'>pon-</span> 
     </span>
     <span class='ocr_line' id='line_1_87' title="bbox 469 3327 1368 3380; baseline 0.019 -21"><span class='ocrx_word' id='word_1_569' title='bbox 469 3335 506 3361; x_wconf 89' lang='lat' dir='ltr'>te</span> <span class='ocrx_word' id='word_1_570' title='bbox 531 3349 543 3365; x_wconf 75' lang='lat'>,</span> <span class='ocrx_word' id='word_1_571' title='bbox 573 3327 775 3380; x_wconf 66' lang='lat' dir='ltr'>semperque</span> <span class='ocrx_word' id='word_1_572' title='bbox 801 3337 856 3368; x_wconf 85' lang='lat' dir='ltr'>vel</span> <span class='ocrx_word' id='word_1_573' title='bbox 884 3336 979 3371; x_wconf 67' lang='lat' dir='ltr'>saevis</span> <span class='ocrx_word' id='word_1_574' title='bbox 1007 3341 1251 3376; x_wconf 85' lang='lat' dir='ltr'>incidentibus</span> <span class='ocrx_word' id='word_1_575' title='bbox 1278 3352 1368 3376; x_wconf 87' lang='lat' dir='ltr'>tem-</span> 
     </span>
     <span class='ocr_line' id='line_1_88' title="bbox 474 3373 1366 3425; baseline 0.017 -19"><span class='ocrx_word' id='word_1_576' title='bbox 474 3373 663 3425; x_wconf 77' lang='lat' dir='ltr'>pestatibus</span> <span class='ocrx_word' id='word_1_577' title='bbox 690 3380 922 3423; x_wconf 75' lang='lat' dir='ltr'>tranquillam</span> <span class='ocrx_word' id='word_1_578' title='bbox 948 3385 979 3415; x_wconf 59' lang='grc' dir='ltr'>ὃς</span> <span class='ocrx_word' id='word_1_579' title='bbox 1005 3393 1121 3419; x_wconf 83' lang='lat' dir='ltr'>tutam</span> <span class='ocrx_word' id='word_1_580' title='bbox 1138 3386 1288 3420; x_wconf 81' lang='lat' dir='ltr'>navibus</span> <span class='ocrx_word' id='word_1_581' title='bbox 1303 3388 1366 3420; x_wconf 84' lang='lat' dir='ltr'>sta-</span> 
     </span>
     <span class='ocr_line' id='line_1_89' title="bbox 472 3423 1366 3476; baseline 0.018 -25"><span class='ocrx_word' id='word_1_582' title='bbox 472 3426 644 3467; x_wconf 42' lang='lat' dir='ltr'>tionemy</span> <span class='ocrx_word' id='word_1_583' title='bbox 671 3423 1016 3471; x_wconf 29' lang='lat' dir='ltr'>‚copioiiffimamqne</span> <span class='ocrx_word' id='word_1_584' title='bbox 1043 3432 1176 3473; x_wconf 73' lang='lat' dir='ltr'>praebaet</span> <span class='ocrx_word' id='word_1_585' title='bbox 1200 3430 1366 3476; x_wconf 83' lang='lat' dir='ltr'>piscatio-</span> 
     </span>
     <span class='ocr_line' id='line_1_90' title="bbox 469 3463 1360 3521; baseline 0.018 -24"><span class='ocrx_word' id='word_1_586' title='bbox 469 3475 549 3499; x_wconf 85' lang='lat' dir='ltr'>nem</span> <span class='ocrx_word' id='word_1_587' title='bbox 567 3486 577 3503; x_wconf 84' lang='lat'>‚</span> <span class='ocrx_word' id='word_1_588' title='bbox 607 3463 819 3504; x_wconf 74' lang='lat' dir='ltr'>lufiocamur</span> <span class='ocrx_word' id='word_1_589' title='bbox 844 3469 1034 3514; x_wconf 85' lang='lat' dir='ltr'>aliquando</span> <span class='ocrx_word' id='word_1_590' title='bbox 1056 3474 1132 3521; x_wconf 74' lang='lat' dir='ltr'>ipl&#39;ae</span> <span class='ocrx_word' id='word_1_591' title='bbox 1161 3474 1276 3512; x_wconf 85' lang='lat' dir='ltr'>fauces</span> <span class='ocrx_word' id='word_1_592' title='bbox 1292 3498 1303 3517; x_wconf 83' lang='lat'>‚</span> <span class='ocrx_word' id='word_1_593' title='bbox 1319 3485 1360 3513; x_wconf 83' lang='lat' dir='ltr'>ut</span> 
     </span>
    </p>
   </div>
   <div class='ocr_carea' id='block_1_15' title="bbox 1178 2350 1419 2409">
    <p class='ocr_par' dir='ltr' id='par_1_15' title="bbox 1178 2350 1419 2409">
     <span class='ocr_line' id='line_1_91' title="bbox 1178 2350 1419 2409; baseline -0.004 -25"><span class='ocrx_word' id='word_1_594' title='bbox 1178 2350 1357 2395; x_wconf 63' lang='lat' dir='ltr'>praefeftus</span> <span class='ocrx_word' id='word_1_595' title='bbox 1370 2367 1419 2409; x_wconf 82' lang='grc' dir='ltr'>,Ε</span> 
     </span>
    </p>
   </div>
   <div class='ocr_carea' id='block_1_16' title="bbox 1419 1397 2404 3575">
    <p class='ocr_par' dir='ltr' id='par_1_16' title="bbox 1446 1397 2404 1670">
     <span class='ocr_line' id='line_1_92' title="bbox 1448 1397 2404 1442; baseline 0.003 -11"><span class='ocrx_word' id='word_1_596' title='bbox 1448 1398 1583 1433; x_wconf 88' lang='lat' dir='ltr'>bariem</span> <span class='ocrx_word' id='word_1_597' title='bbox 1609 1400 1727 1433; x_wconf 89' lang='lat' dir='ltr'>multo</span> <span class='ocrx_word' id='word_1_598' title='bbox 1743 1411 1825 1435; x_wconf 89' lang='lat' dir='ltr'>ante</span> <span class='ocrx_word' id='word_1_599' title='bbox 1852 1398 2023 1436; x_wconf 81' lang='lat' dir='ltr'>defecerat</span> <span class='ocrx_word' id='word_1_600' title='bbox 2039 1401 2101 1438; x_wconf 86' lang='lat' dir='ltr'>‚in</span> <span class='ocrx_word' id='word_1_601' title='bbox 2124 1397 2245 1441; x_wconf 66' lang='lat' dir='ltr'>fugam</span> <span class='ocrx_word' id='word_1_602' title='bbox 2268 1412 2356 1434; x_wconf 85' lang='lat' dir='ltr'>con-</span> <span class='ocrx_word' id='word_1_603' title='bbox 2401 1416 2404 1442; x_wconf 71' lang='lat'><em>3</em></span> 
     </span>
     <span class='ocr_line' id='line_1_93' title="bbox 1446 1441 2351 1483; baseline 0.002 -7"><span class='ocrx_word' id='word_1_604' title='bbox 1446 1441 1549 1477; x_wconf 81' lang='lat' dir='ltr'>versae</span> <span class='ocrx_word' id='word_1_605' title='bbox 1577 1442 1594 1476; x_wconf 83' lang='lat'>?</span> <span class='ocrx_word' id='word_1_606' title='bbox 1632 1445 1747 1478; x_wconf 81' lang='lat' dir='ltr'>Muris</span> <span class='ocrx_word' id='word_1_607' title='bbox 1772 1467 1783 1483; x_wconf 96' lang='lat'>‚</span> <span class='ocrx_word' id='word_1_608' title='bbox 1821 1447 1851 1478; x_wconf 83' lang='lat'>&amp;</span> <span class='ocrx_word' id='word_1_609' title='bbox 1877 1445 2034 1480; x_wconf 80' lang='lat' dir='ltr'>turribus</span> <span class='ocrx_word' id='word_1_610' title='bbox 2057 1443 2142 1478; x_wconf 83' lang='lat' dir='ltr'>urbs</span> <span class='ocrx_word' id='word_1_611' title='bbox 2171 1445 2214 1477; x_wconf 75' lang='lat' dir='ltr'>eli</span> <span class='ocrx_word' id='word_1_612' title='bbox 2239 1444 2351 1479; x_wconf 84' lang='lat' dir='ltr'>unde-</span> 
     </span>
     <span class='ocr_line' id='line_1_94' title="bbox 1447 1487 2354 1535; baseline 0.003 -14"><span class='ocrx_word' id='word_1_613' title='bbox 1447 1499 1587 1534; x_wconf 83' lang='lat' dir='ltr'>quaque</span> <span class='ocrx_word' id='word_1_614' title='bbox 1610 1487 1756 1534; x_wconf 88' lang='lat' dir='ltr'>lapideis</span> <span class='ocrx_word' id='word_1_615' title='bbox 1778 1492 1921 1524; x_wconf 86' lang='lat' dir='ltr'>munita</span> <span class='ocrx_word' id='word_1_616' title='bbox 1945 1512 1958 1529; x_wconf 75' lang='lat'>‚</span> <span class='ocrx_word' id='word_1_617' title='bbox 1997 1489 2040 1524; x_wconf 89' lang='lat' dir='ltr'>ab</span> <span class='ocrx_word' id='word_1_618' title='bbox 2071 1489 2197 1522; x_wconf 77' lang='lat' dir='ltr'>Austro</span> <span class='ocrx_word' id='word_1_619' title='bbox 2226 1494 2354 1535; x_wconf 62' lang='lat' dir='ltr'>praeei-</span> 
     </span>
     <span class='ocr_line' id='line_1_95' title="bbox 1448 1534 2355 1580; baseline 0 -15"><span class='ocrx_word' id='word_1_620' title='bbox 1448 1545 1514 1578; x_wconf 85' lang='lat' dir='ltr'>pue</span> <span class='ocrx_word' id='word_1_621' title='bbox 1540 1536 1570 1566; x_wconf 75' lang='lat' dir='ltr'>Sc</span> <span class='ocrx_word' id='word_1_622' title='bbox 1607 1535 1852 1580; x_wconf 87' lang='lat' dir='ltr'>Septentrione</span> <span class='ocrx_word' id='word_1_623' title='bbox 1885 1537 2120 1580; x_wconf 85' lang='lat' dir='ltr'>omniumque</span> <span class='ocrx_word' id='word_1_624' title='bbox 2159 1534 2292 1568; x_wconf 69' lang='lat' dir='ltr'>iudicio</span> <span class='ocrx_word' id='word_1_625' title='bbox 2318 1550 2355 1571; x_wconf 78' lang='lat'>0-</span> 
     </span>
     <span class='ocr_line' id='line_1_96' title="bbox 1448 1576 2399 1629; baseline 0.004 -17"><span class='ocrx_word' id='word_1_626' title='bbox 1448 1581 1514 1612; x_wconf 90' lang='lat' dir='ltr'>lim</span> <span class='ocrx_word' id='word_1_627' title='bbox 1539 1576 1716 1613; x_wconf 85' lang='lat' dir='ltr'>ferebatur</span> <span class='ocrx_word' id='word_1_628' title='bbox 1739 1580 2042 1624; x_wconf 78' lang='lat' dir='ltr'>inexpugnabilis.</span> <span class='ocrx_word' id='word_1_629' title='bbox 2072 1581 2161 1613; x_wconf 88' lang='lat' dir='ltr'>Nam</span> <span class='ocrx_word' id='word_1_630' title='bbox 2178 1583 2209 1613; x_wconf 63' lang='grc' dir='ltr'>ὃς</span> <span class='ocrx_word' id='word_1_631' title='bbox 2225 1581 2348 1629; x_wconf 60' lang='lat' dir='ltr'>”furcae</span> <span class='ocrx_word' id='word_1_632' title='bbox 2398 1622 2399 1628; x_wconf 20' lang='lat'>¹</span> 
     </span>
     <span class='ocr_line' id='line_1_97' title="bbox 1449 1623 2349 1670; baseline 0.002 -12"><span class='ocrx_word' id='word_1_633' title='bbox 1449 1636 1467 1658; x_wconf 85' lang='lat' dir='ltr'>a</span> <span class='ocrx_word' id='word_1_634' title='bbox 1485 1625 1646 1658; x_wconf 86' lang='lat' dir='ltr'>Bizantio</span> <span class='ocrx_word' id='word_1_635' title='bbox 1671 1623 1712 1658; x_wconf 88' lang='lat' dir='ltr'>ad</span> <span class='ocrx_word' id='word_1_636' title='bbox 1742 1625 1930 1670; x_wconf 80' lang='lat' dir='ltr'>Neapolim</span> <span class='ocrx_word' id='word_1_637' title='bbox 1947 1647 1958 1663; x_wconf 86' lang='lat'>‚</span> <span class='ocrx_word' id='word_1_638' title='bbox 1981 1625 2077 1659; x_wconf 85' lang='lat' dir='ltr'>Galli</span> <span class='ocrx_word' id='word_1_639' title='bbox 2100 1635 2118 1656; x_wconf 85' lang='lat' dir='ltr'>a</span> <span class='ocrx_word' id='word_1_640' title='bbox 2146 1626 2279 1658; x_wconf 78' lang='lat' dir='ltr'>Parilns</span> <span class='ocrx_word' id='word_1_641' title='bbox 2306 1627 2349 1660; x_wconf 78' lang='lat' dir='ltr'>ad</span> 
     </span>
    </p>

    <p class='ocr_par' dir='ltr' id='par_1_17' title="bbox 1439 1669 2397 2395">
     <span class='ocr_line' id='line_1_98' title="bbox 1452 1669 2345 1714; baseline 0.003 -11"><span class='ocrx_word' id='word_1_642' title='bbox 1452 1669 1711 1714; x_wconf 85' lang='lat' dir='ltr'>Hydruntem,</span> <span class='ocrx_word' id='word_1_643' title='bbox 1738 1669 1876 1705; x_wconf 85' lang='lat' dir='ltr'>Urbem</span> <span class='ocrx_word' id='word_1_644' title='bbox 1916 1672 2072 1705; x_wconf 89' lang='lat' dir='ltr'>Tarento</span> <span class='ocrx_word' id='word_1_645' title='bbox 2109 1672 2345 1706; x_wconf 76' lang='lat' dir='ltr'>munitiorem</span> 
     </span>
     <span class='ocr_line' id='line_1_99' title="bbox 1450 1713 2397 1761; baseline 0.005 -14"><span class='ocrx_word' id='word_1_646' title='bbox 1450 1714 1480 1747; x_wconf 84' lang='lat' dir='ltr'>se</span> <span class='ocrx_word' id='word_1_647' title='bbox 1505 1713 1629 1748; x_wconf 79' lang='lat' dir='ltr'>vidisse</span> <span class='ocrx_word' id='word_1_648' title='bbox 1660 1716 1866 1760; x_wconf 79' lang='lat' dir='ltr'>negabant,</span> <span class='ocrx_word' id='word_1_649' title='bbox 1892 1727 1967 1761; x_wconf 80' lang='lat' dir='ltr'>quae</span> <span class='ocrx_word' id='word_1_650' title='bbox 1982 1724 2155 1750; x_wconf 86' lang='lat' dir='ltr'>terrarum</span> <span class='ocrx_word' id='word_1_651' title='bbox 2182 1720 2345 1752; x_wconf 83' lang='lat' dir='ltr'>omnium</span> <span class='ocrx_word' id='word_1_652' title='bbox 2396 1720 2397 1743; x_wconf 60' lang='lat'>³</span> 
     </span>
     <span class='ocr_line' id='line_1_100' title="bbox 1446 1757 2345 1806; baseline 0.003 -13"><span class='ocrx_word' id='word_1_653' title='bbox 1446 1759 1537 1793; x_wconf 88' lang='lat' dir='ltr'>bella</span> <span class='ocrx_word' id='word_1_654' title='bbox 1563 1757 1698 1794; x_wconf 82' lang='lat' dir='ltr'>&amp;ferre</span> <span class='ocrx_word' id='word_1_655' title='bbox 1721 1758 1896 1794; x_wconf 82' lang='lat' dir='ltr'>&amp;inferre</span> <span class='ocrx_word' id='word_1_656' title='bbox 1930 1760 2049 1806; x_wconf 82' lang='lat' dir='ltr'>poffet.</span> <span class='ocrx_word' id='word_1_657' title='bbox 2072 1766 2119 1796; x_wconf 83' lang='lat' dir='ltr'>At</span> <span class='ocrx_word' id='word_1_658' title='bbox 2144 1760 2246 1794; x_wconf 88' lang='lat' dir='ltr'>hodie</span> <span class='ocrx_word' id='word_1_659' title='bbox 2274 1772 2345 1796; x_wconf 87' lang='lat' dir='ltr'>tor·</span> 
     </span>
     <span class='ocr_line' id='line_1_101' title="bbox 1445 1804 2344 1850; baseline 0 -12"><span class='ocrx_word' id='word_1_660' title='bbox 1445 1806 1577 1838; x_wconf 81' lang='lat' dir='ltr'>inentis</span> <span class='ocrx_word' id='word_1_661' title='bbox 1601 1806 1714 1849; x_wconf 78' lang='lat' dir='ltr'>igneis</span> <span class='ocrx_word' id='word_1_662' title='bbox 1740 1828 1751 1844; x_wconf 86' lang='lat'>,</span> <span class='ocrx_word' id='word_1_663' title='bbox 1774 1817 1860 1850; x_wconf 81' lang='lat' dir='ltr'>quas</span> <span class='ocrx_word' id='word_1_664' title='bbox 1876 1805 2085 1840; x_wconf 87' lang='lat' dir='ltr'>bombardas</span> <span class='ocrx_word' id='word_1_665' title='bbox 2110 1809 2140 1840; x_wconf 69' lang='lat' dir='ltr'>Sc</span> <span class='ocrx_word' id='word_1_666' title='bbox 2169 1804 2344 1841; x_wconf 74' lang='lat' dir='ltr'>baiiiii&#39;cos</span> 
     </span>
     <span class='ocr_line' id='line_1_102' title="bbox 1444 1849 2344 1896; baseline 0.002 -13"><span class='ocrx_word' id='word_1_667' title='bbox 1444 1859 1597 1889; x_wconf 86' lang='lat' dir='ltr'>vocant,</span> <span class='ocrx_word' id='word_1_668' title='bbox 1626 1854 1675 1884; x_wconf 84' lang='lat' dir='ltr'>ita</span> <span class='ocrx_word' id='word_1_669' title='bbox 1691 1849 1796 1885; x_wconf 73' lang='lat' dir='ltr'>facile</span> <span class='ocrx_word' id='word_1_670' title='bbox 1812 1853 2070 1896; x_wconf 83' lang='lat' dir='ltr'>expugnationi</span> <span class='ocrx_word' id='word_1_671' title='bbox 2096 1852 2247 1885; x_wconf 79' lang='lat' dir='ltr'>obnoxia</span> <span class='ocrx_word' id='word_1_672' title='bbox 2263 1873 2274 1891; x_wconf 88' lang='lat'><strong>‚</strong></span> <span class='ocrx_word' id='word_1_673' title='bbox 2300 1860 2344 1885; x_wconf 81' lang='lat' dir='ltr'>uc</span> 
     </span>
     <span class='ocr_line' id='line_1_103' title="bbox 1440 1896 2345 1943; baseline 0.003 -14"><span class='ocrx_word' id='word_1_674' title='bbox 1440 1897 1582 1930; x_wconf 81' lang='lat' dir='ltr'>Marcus</span> <span class='ocrx_word' id='word_1_675' title='bbox 1607 1898 1786 1930; x_wconf 89' lang='lat' dir='ltr'>Antonius</span> <span class='ocrx_word' id='word_1_676' title='bbox 1801 1897 1978 1932; x_wconf 86' lang='lat' dir='ltr'>Columna</span> <span class='ocrx_word' id='word_1_677' title='bbox 2002 1899 2166 1931; x_wconf 84' lang='lat' dir='ltr'>Romanae</span> <span class='ocrx_word' id='word_1_678' title='bbox 2192 1896 2345 1943; x_wconf 77' lang='lat' dir='ltr'>totiusq3</span> 
     </span>
     <span class='ocr_line' id='line_1_104' title="bbox 1440 1939 2345 1986; baseline 0.003 -12"><span class='ocrx_word' id='word_1_679' title='bbox 1440 1941 1535 1974; x_wconf 84' lang='lat' dir='ltr'>Italae</span> <span class='ocrx_word' id='word_1_680' title='bbox 1560 1943 1676 1986; x_wconf 78' lang='lat' dir='ltr'>gentis</span> <span class='ocrx_word' id='word_1_681' title='bbox 1712 1942 1823 1985; x_wconf 76' lang='lat' dir='ltr'>gloria</span> <span class='ocrx_word' id='word_1_682' title='bbox 1859 1951 1900 1975; x_wconf 90' lang='lat' dir='ltr'>ut</span> <span class='ocrx_word' id='word_1_683' title='bbox 1936 1943 2170 1976; x_wconf 83' lang='lat' dir='ltr'>miserrimam</span> <span class='ocrx_word' id='word_1_684' title='bbox 2192 1939 2345 1977; x_wconf 84' lang='lat' dir='ltr'>defleve-</span> 
     </span>
     <span class='ocr_line' id='line_1_105' title="bbox 1439 1984 2337 2022; baseline 0.002 -4"><span class='ocrx_word' id='word_1_685' title='bbox 1439 1988 1499 2019; x_wconf 87' lang='lat' dir='ltr'>rit.</span> <span class='ocrx_word' id='word_1_686' title='bbox 1524 1984 1727 2019; x_wconf 83' lang='lat' dir='ltr'>Includitur</span> <span class='ocrx_word' id='word_1_687' title='bbox 1753 1985 1796 2019; x_wconf 84' lang='lat' dir='ltr'>ab</span> <span class='ocrx_word' id='word_1_688' title='bbox 1823 1985 1947 2022; x_wconf 77' lang='lat' dir='ltr'>Austro</span> <span class='ocrx_word' id='word_1_689' title='bbox 1975 1990 2006 2021; x_wconf 87' lang='lat'>&amp;</span> <span class='ocrx_word' id='word_1_690' title='bbox 2034 1985 2218 2021; x_wconf 73' lang='lat' dir='ltr'>occidente</span> <span class='ocrx_word' id='word_1_691' title='bbox 2251 1986 2337 2021; x_wconf 85' lang='lat' dir='ltr'>duo-</span> 
     </span>
     <span class='ocr_line' id='line_1_106' title="bbox 1442 2029 2336 2076; baseline 0.006 -13"><span class='ocrx_word' id='word_1_692' title='bbox 1442 2029 1508 2064; x_wconf 85' lang='lat' dir='ltr'>bus</span> <span class='ocrx_word' id='word_1_693' title='bbox 1534 2029 1747 2066; x_wconf 84' lang='lat' dir='ltr'>tenuiffimis</span> <span class='ocrx_word' id='word_1_694' title='bbox 1773 2034 2028 2076; x_wconf 82' lang='lat' dir='ltr'>promontoriis</span> <span class='ocrx_word' id='word_1_695' title='bbox 2053 2053 2063 2068; x_wconf 77' lang='lat'><strong>‚</strong></span> <span class='ocrx_word' id='word_1_696' title='bbox 2095 2029 2157 2065; x_wconf 87' lang='lat' dir='ltr'>ubi</span> <span class='ocrx_word' id='word_1_697' title='bbox 2183 2054 2194 2070; x_wconf 90' lang='lat'>‚</span> <span class='ocrx_word' id='word_1_698' title='bbox 2231 2041 2272 2066; x_wconf 93' lang='lat' dir='ltr'>ut</span> <span class='ocrx_word' id='word_1_699' title='bbox 2295 2036 2336 2068; x_wconf 83' lang='lat' dir='ltr'>in</span> 
     </span>
     <span class='ocr_line' id='line_1_107' title="bbox 1445 2075 2391 2125; baseline 0.004 -16"><span class='ocrx_word' id='word_1_700' title='bbox 1445 2084 1518 2109; x_wconf 90' lang='lat' dir='ltr'>tota</span> <span class='ocrx_word' id='word_1_701' title='bbox 1544 2075 1609 2110; x_wconf 87' lang='lat' dir='ltr'>hac</span> <span class='ocrx_word' id='word_1_702' title='bbox 1632 2088 1689 2109; x_wconf 84' lang='lat' dir='ltr'>ora</span> <span class='ocrx_word' id='word_1_703' title='bbox 1716 2076 1758 2110; x_wconf 86' lang='lat' dir='ltr'>ab</span> <span class='ocrx_word' id='word_1_704' title='bbox 1787 2076 1974 2122; x_wconf 80' lang='lat' dir='ltr'>Hydrunte</span> <span class='ocrx_word' id='word_1_705' title='bbox 2012 2075 2117 2124; x_wconf 76' lang='lat' dir='ltr'>usque</span> <span class='ocrx_word' id='word_1_706' title='bbox 2143 2078 2347 2125; x_wconf 17' lang='lat' dir='ltr'>Neapolim*</span> <span class='ocrx_word' id='word_1_707' title='bbox 2389 2105 2391 2107; x_wconf 67' lang='lat'>.</span> 
     </span>
     <span class='ocr_line' id='line_1_108' title="bbox 1440 2119 2389 2167; baseline 0.001 -12"><span class='ocrx_word' id='word_1_708' title='bbox 1440 2119 1483 2155; x_wconf 86' lang='lat' dir='ltr'>ad</span> <span class='ocrx_word' id='word_1_709' title='bbox 1508 2119 1763 2167; x_wconf 81' lang='lat' dir='ltr'>explorandum</span> <span class='ocrx_word' id='word_1_710' title='bbox 1788 2124 1984 2158; x_wconf 81' lang='lat' dir='ltr'>Piratarum</span> <span class='ocrx_word' id='word_1_711' title='bbox 2004 2121 2197 2156; x_wconf 86' lang='lat' dir='ltr'>adventum</span> <span class='ocrx_word' id='word_1_712' title='bbox 2222 2132 2333 2157; x_wconf 85' lang='lat' dir='ltr'>turres</span> <span class='ocrx_word' id='word_1_713' title='bbox 2388 2160 2389 2164; x_wconf 13' lang='grc' dir='ltr'><strong>Ἰ</strong></span> 
     </span>
     <span class='ocr_line' id='line_1_109' title="bbox 1440 2164 2389 2215; baseline 0.002 -16"><span class='ocrx_word' id='word_1_714' title='bbox 1440 2165 1556 2200; x_wconf 67' lang='lat' dir='ltr'>ereSlae</span> <span class='ocrx_word' id='word_1_715' title='bbox 1581 2165 1660 2200; x_wconf 90' lang='lat' dir='ltr'>sunt</span> <span class='ocrx_word' id='word_1_716' title='bbox 1676 2188 1687 2204; x_wconf 80' lang='lat'>,</span> <span class='ocrx_word' id='word_1_717' title='bbox 1710 2177 1787 2213; x_wconf 71' lang='lat' dir='ltr'>quae</span> <span class='ocrx_word' id='word_1_718' title='bbox 1805 2164 1822 2200; x_wconf 68' lang='grc' dir='ltr'>ὲ</span> <span class='ocrx_word' id='word_1_719' title='bbox 1841 2166 2071 2212; x_wconf 86' lang='lat' dir='ltr'>scriptoribus</span> <span class='ocrx_word' id='word_1_720' title='bbox 2101 2168 2199 2215; x_wconf 71' lang='lat' dir='ltr'>Phari</span> <span class='ocrx_word' id='word_1_721' title='bbox 2215 2169 2336 2214; x_wconf 80' lang='lat' dir='ltr'>appel·</span> <span class='ocrx_word' id='word_1_722' title='bbox 2388 2184 2389 2188; x_wconf 61' lang='lat'><em>=</em></span> 
     </span>
     <span class='ocr_line' id='line_1_110' title="bbox 1440 2210 2333 2259; baseline 0.006 -16"><span class='ocrx_word' id='word_1_723' title='bbox 1440 2211 1561 2245; x_wconf 86' lang='lat' dir='ltr'>lantur</span> <span class='ocrx_word' id='word_1_724' title='bbox 1597 2213 1634 2245; x_wconf 91' lang='lat' dir='ltr'>in</span> <span class='ocrx_word' id='word_1_725' title='bbox 1676 2210 1809 2247; x_wconf 75' lang='lat' dir='ltr'>linistro</span> <span class='ocrx_word' id='word_1_726' title='bbox 1848 2216 2092 2259; x_wconf 86' lang='lat' dir='ltr'>promontorio</span> <span class='ocrx_word' id='word_1_727' title='bbox 2132 2213 2204 2246; x_wconf 72' lang='lat' dir='ltr'>ruit</span> <span class='ocrx_word' id='word_1_728' title='bbox 2243 2214 2333 2248; x_wconf 84' lang='lat' dir='ltr'>olim</span> 
     </span>
     <span class='ocr_line' id='line_1_111' title="bbox 1441 2256 2388 2304; baseline 0.003 -15"><span class='ocrx_word' id='word_1_729' title='bbox 1441 2257 1606 2291; x_wconf 77' lang='lat' dir='ltr'>Graecum</span> <span class='ocrx_word' id='word_1_730' title='bbox 1632 2256 1848 2293; x_wconf 82' lang='lat' dir='ltr'>Coenobium</span> <span class='ocrx_word' id='word_1_731' title='bbox 1874 2257 1916 2292; x_wconf 89' lang='lat' dir='ltr'>de</span> <span class='ocrx_word' id='word_1_732' title='bbox 1943 2256 2105 2292; x_wconf 87' lang='lat' dir='ltr'>societate</span> <span class='ocrx_word' id='word_1_733' title='bbox 2133 2260 2253 2303; x_wconf 84' lang='lat' dir='ltr'>magni</span> <span class='ocrx_word' id='word_1_734' title='bbox 2271 2261 2335 2292; x_wconf 89' lang='lat' dir='ltr'>Ba-</span> <span class='ocrx_word' id='word_1_735' title='bbox 2386 2256 2388 2304; x_wconf 66' lang='lat' dir='ltr'>j*</span> 
     </span>
     <span class='ocr_line' id='line_1_112' title="bbox 1440 2299 2387 2350; baseline 0.003 -16"><span class='ocrx_word' id='word_1_736' title='bbox 1440 2299 1509 2335; x_wconf 81' lang='lat' dir='ltr'>filii</span> <span class='ocrx_word' id='word_1_737' title='bbox 1546 2299 1607 2335; x_wconf 88' lang='lat' dir='ltr'>sub</span> <span class='ocrx_word' id='word_1_738' title='bbox 1633 2303 1741 2337; x_wconf 86' lang='lat' dir='ltr'>titulo</span> <span class='ocrx_word' id='word_1_739' title='bbox 1775 2305 1827 2337; x_wconf 88' lang='lat' dir='ltr'>SS.</span> <span class='ocrx_word' id='word_1_740' title='bbox 1856 2305 1935 2337; x_wconf 89' lang='lat' dir='ltr'>Viti</span> <span class='ocrx_word' id='word_1_741' title='bbox 1975 2305 2007 2337; x_wconf 70' lang='grc' dir='ltr'>δε</span> <span class='ocrx_word' id='word_1_742' title='bbox 2043 2302 2188 2337; x_wconf 86' lang='lat' dir='ltr'>Modesti</span> <span class='ocrx_word' id='word_1_743' title='bbox 2226 2312 2332 2350; x_wconf 85' lang='lat' dir='ltr'>atque</span> <span class='ocrx_word' id='word_1_744' title='bbox 2386 2305 2387 2310; x_wconf 76' lang='grc'>’</span> 
     </span>
     <span class='ocr_line' id='line_1_113' title="bbox 1440 2345 2334 2395; baseline 0.002 -15"><span class='ocrx_word' id='word_1_745' title='bbox 1440 2345 1640 2382; x_wconf 85' lang='lat' dir='ltr'>Crescentia</span> <span class='ocrx_word' id='word_1_746' title='bbox 1664 2358 1817 2392; x_wconf 88' lang='lat' dir='ltr'>quorum</span> <span class='ocrx_word' id='word_1_747' title='bbox 1843 2349 2001 2395; x_wconf 79' lang='lat' dir='ltr'>reliquiae</span> <span class='ocrx_word' id='word_1_748' title='bbox 2019 2350 2056 2382; x_wconf 87' lang='lat' dir='ltr'>in</span> <span class='ocrx_word' id='word_1_749' title='bbox 2081 2347 2149 2384; x_wconf 83' lang='lat' dir='ltr'>aede</span> <span class='ocrx_word' id='word_1_750' title='bbox 2178 2348 2334 2383; x_wconf 83' lang='lat' dir='ltr'>Ludovi-</span> 
     </span>
    </p>

    <p class='ocr_par' dir='ltr' id='par_1_18' title="bbox 1434 2391 2385 2522">
     <span class='ocr_line' id='line_1_114' title="bbox 1436 2391 2385 2439; baseline 0.003 -14"><span class='ocrx_word' id='word_1_751' title='bbox 1436 2403 1476 2425; x_wconf 88' lang='lat' dir='ltr'>co</span> <span class='ocrx_word' id='word_1_752' title='bbox 1496 2394 1586 2436; x_wconf 78' lang='lat' dir='ltr'>Rege</span> <span class='ocrx_word' id='word_1_753' title='bbox 1614 2393 1684 2426; x_wconf 87' lang='lat' dir='ltr'>illis</span> <span class='ocrx_word' id='word_1_754' title='bbox 1711 2391 1827 2428; x_wconf 85' lang='lat' dir='ltr'>dicata</span> <span class='ocrx_word' id='word_1_755' title='bbox 1856 2392 2108 2439; x_wconf 69' lang='lat' dir='ltr'>religiofiffime</span> <span class='ocrx_word' id='word_1_756' title='bbox 2136 2391 2332 2433; x_wconf 80' lang='lat' dir='ltr'>servantur,</span> <span class='ocrx_word' id='word_1_757' title='bbox 2384 2399 2385 2402; x_wconf 79' lang='grc'>’</span> 
     </span>
     <span class='ocr_line' id='line_1_115' title="bbox 1437 2436 2385 2483; baseline 0.002 -12"><span class='ocrx_word' id='word_1_758' title='bbox 1437 2436 1544 2483; x_wconf 72' lang='lat' dir='ltr'>prope</span> <span class='ocrx_word' id='word_1_759' title='bbox 1568 2436 1754 2473; x_wconf 69' lang='lat' dir='ltr'>dexterum</span> <span class='ocrx_word' id='word_1_760' title='bbox 1775 2441 1834 2473; x_wconf 90' lang='lat' dir='ltr'>cui</span> <span class='ocrx_word' id='word_1_761' title='bbox 1863 2438 1906 2473; x_wconf 89' lang='lat' dir='ltr'>ab</span> <span class='ocrx_word' id='word_1_762' title='bbox 1931 2438 2137 2473; x_wconf 89' lang='lat' dir='ltr'>hirundinis</span> <span class='ocrx_word' id='word_1_763' title='bbox 2162 2442 2237 2473; x_wconf 87' lang='lat' dir='ltr'>avis</span> <span class='ocrx_word' id='word_1_764' title='bbox 2262 2438 2332 2473; x_wconf 87' lang='lat' dir='ltr'>for·</span> <span class='ocrx_word' id='word_1_765' title='bbox 2383 2451 2385 2454; x_wconf 85' lang='lat'>·</span> 
     </span>
     <span class='ocr_line' id='line_1_116' title="bbox 1434 2482 2327 2522; baseline 0.001 -5"><span class='ocrx_word' id='word_1_766' title='bbox 1434 2494 1491 2517; x_wconf 83' lang='lat' dir='ltr'>ma</span> <span class='ocrx_word' id='word_1_767' title='bbox 1521 2482 1734 2517; x_wconf 83' lang='lat' dir='ltr'>Rondinello</span> <span class='ocrx_word' id='word_1_768' title='bbox 1759 2496 1888 2521; x_wconf 89' lang='lat' dir='ltr'>nomen</span> <span class='ocrx_word' id='word_1_769' title='bbox 1914 2485 1957 2518; x_wconf 86' lang='lat' dir='ltr'>est</span> <span class='ocrx_word' id='word_1_770' title='bbox 1983 2506 1993 2522; x_wconf 83' lang='lat'>‚</span> <span class='ocrx_word' id='word_1_771' title='bbox 2020 2483 2113 2518; x_wconf 88' lang='lat' dir='ltr'>horti</span> <span class='ocrx_word' id='word_1_772' title='bbox 2142 2483 2223 2518; x_wconf 87' lang='lat' dir='ltr'>lunt</span> <span class='ocrx_word' id='word_1_773' title='bbox 2249 2485 2327 2518; x_wconf 88' lang='lat' dir='ltr'>cul-</span> 
     </span>
    </p>

    <p class='ocr_par' dir='ltr' id='par_1_19' title="bbox 1430 2527 2383 2702">
     <span class='ocr_line' id='line_1_117' title="bbox 1435 2527 2383 2576; baseline 0.002 -13"><span class='ocrx_word' id='word_1_774' title='bbox 1435 2527 1560 2564; x_wconf 82' lang='lat' dir='ltr'>tiffimi</span> <span class='ocrx_word' id='word_1_775' title='bbox 1585 2530 1780 2572; x_wconf 83' lang='lat' dir='ltr'>piratarum</span> <span class='ocrx_word' id='word_1_776' title='bbox 1804 2529 1914 2576; x_wconf 78' lang='lat' dir='ltr'>przeda</span> <span class='ocrx_word' id='word_1_777' title='bbox 1941 2551 1952 2567; x_wconf 79' lang='lat'>‚</span> <span class='ocrx_word' id='word_1_778' title='bbox 1986 2531 2017 2565; x_wconf 67' lang='grc' dir='ltr'>ὅ(</span> <span class='ocrx_word' id='word_1_779' title='bbox 2039 2531 2230 2570; x_wconf 82' lang='lat' dir='ltr'>aquatione</span> <span class='ocrx_word' id='word_1_780' title='bbox 2266 2543 2330 2564; x_wconf 86' lang='lat' dir='ltr'>no-</span> <span class='ocrx_word' id='word_1_781' title='bbox 2382 2531 2383 2534; x_wconf 66' lang='grc'>’</span> 
     </span>
     <span class='ocr_line' id='line_1_118' title="bbox 1433 2572 2382 2620; baseline 0.004 -14"><span class='ocrx_word' id='word_1_782' title='bbox 1433 2572 1558 2608; x_wconf 83' lang='lat' dir='ltr'>tabiles</span> <span class='ocrx_word' id='word_1_783' title='bbox 1585 2596 1594 2606; x_wconf 89' lang='lat'><strong>.</strong></span> <span class='ocrx_word' id='word_1_784' title='bbox 1631 2575 1726 2606; x_wconf 88' lang='lat' dir='ltr'>Inter</span> <span class='ocrx_word' id='word_1_785' title='bbox 1749 2574 1818 2609; x_wconf 73' lang='lat' dir='ltr'>brec</span> <span class='ocrx_word' id='word_1_786' title='bbox 1839 2574 1914 2611; x_wconf 80' lang='lat' dir='ltr'>duae</span> <span class='ocrx_word' id='word_1_787' title='bbox 1938 2574 2187 2619; x_wconf 76' lang='lat' dir='ltr'>magnitudine</span> <span class='ocrx_word' id='word_1_788' title='bbox 2212 2574 2327 2620; x_wconf 78' lang='lat' dir='ltr'>dispa-</span> <span class='ocrx_word' id='word_1_789' title='bbox 2380 2592 2382 2604; x_wconf 85' lang='lat'><strong><em>=</em></strong></span> 
     </span>
     <span class='ocr_line' id='line_1_119' title="bbox 1430 2617 2381 2669; baseline 0.003 -16"><span class='ocrx_word' id='word_1_790' title='bbox 1430 2627 1480 2652; x_wconf 82' lang='lat' dir='ltr'>res</span> <span class='ocrx_word' id='word_1_791' title='bbox 1503 2619 1619 2658; x_wconf 76' lang='lat' dir='ltr'>iacent</span> <span class='ocrx_word' id='word_1_792' title='bbox 1644 2617 1763 2652; x_wconf 53' lang='lat' dir='ltr'>insulae</span> <span class='ocrx_word' id='word_1_793' title='bbox 1781 2641 1792 2658; x_wconf 84' lang='lat'>,</span> <span class='ocrx_word' id='word_1_794' title='bbox 1834 2632 1909 2666; x_wconf 75' lang='lat' dir='ltr'>quze</span> <span class='ocrx_word' id='word_1_795' title='bbox 1931 2621 2063 2654; x_wconf 84' lang='lat' dir='ltr'>nullius</span> <span class='ocrx_word' id='word_1_796' title='bbox 2097 2620 2187 2665; x_wconf 81' lang='lat' dir='ltr'>apud</span> <span class='ocrx_word' id='word_1_797' title='bbox 2212 2622 2330 2655; x_wconf 52' lang='lat' dir='ltr'>austo-</span> <span class='ocrx_word' id='word_1_798' title='bbox 2380 2664 2381 2669; x_wconf 14' lang='grc' dir='ltr'><strong>Ἰ</strong></span> 
     </span>
     <span class='ocr_line' id='line_1_120' title="bbox 1432 2661 2327 2702; baseline 0.007 -6"><span class='ocrx_word' id='word_1_799' title='bbox 1432 2675 1483 2696; x_wconf 93' lang='lat' dir='ltr'>res</span> <span class='ocrx_word' id='word_1_800' title='bbox 1508 2661 1588 2696; x_wconf 82' lang='lat' dir='ltr'>sunt</span> <span class='ocrx_word' id='word_1_801' title='bbox 1612 2665 1769 2697; x_wconf 86' lang='lat' dir='ltr'>nominis</span> <span class='ocrx_word' id='word_1_802' title='bbox 1785 2690 1793 2698; x_wconf 87' lang='lat'><strong>.</strong></span> <span class='ocrx_word' id='word_1_803' title='bbox 1820 2668 1861 2702; x_wconf 91' lang='lat' dir='ltr'>In</span> <span class='ocrx_word' id='word_1_804' title='bbox 1887 2667 2059 2700; x_wconf 82' lang='lat' dir='ltr'>Servianis</span> <span class='ocrx_word' id='word_1_805' title='bbox 2082 2675 2199 2700; x_wconf 89' lang='lat' dir='ltr'>tamen</span> <span class='ocrx_word' id='word_1_806' title='bbox 2228 2664 2327 2702; x_wconf 81' lang='lat' dir='ltr'>scho-</span> 
     </span>
    </p>

    <p class='ocr_par' dir='ltr' id='par_1_20' title="bbox 1432 2707 2326 2758">
     <span class='ocr_line' id='line_1_121' title="bbox 1432 2707 2326 2758; baseline 0.007 -18"><span class='ocrx_word' id='word_1_807' title='bbox 1432 2709 1475 2742; x_wconf 79' lang='lat' dir='ltr'>lis</span> <span class='ocrx_word' id='word_1_808' title='bbox 1502 2707 1688 2742; x_wconf 74' lang='lat' dir='ltr'>F,le5irides</span> <span class='ocrx_word' id='word_1_809' title='bbox 1712 2730 1723 2745; x_wconf 88' lang='lat'><strong>‚</strong></span> <span class='ocrx_word' id='word_1_810' title='bbox 1751 2709 1820 2743; x_wconf 82' lang='lat' dir='ltr'>sive</span> <span class='ocrx_word' id='word_1_811' title='bbox 1847 2710 1958 2744; x_wconf 75' lang='lat' dir='ltr'>Febrae</span> <span class='ocrx_word' id='word_1_812' title='bbox 1984 2710 2150 2745; x_wconf 87' lang='lat' dir='ltr'>videntur</span> <span class='ocrx_word' id='word_1_813' title='bbox 2172 2713 2326 2758; x_wconf 79' lang='lat' dir='ltr'>appella-</span> 
     </span>
    </p>

    <p class='ocr_par' dir='ltr' id='par_1_21' title="bbox 1434 2753 2324 2802">
     <span class='ocr_line' id='line_1_122' title="bbox 1434 2753 2324 2802; baseline 0.002 -14"><span class='ocrx_word' id='word_1_814' title='bbox 1434 2754 1487 2789; x_wconf 70' lang='lat' dir='ltr'>ris</span> <span class='ocrx_word' id='word_1_815' title='bbox 1511 2753 1595 2785; x_wconf 73' lang='lat' dir='ltr'>alias</span> <span class='ocrx_word' id='word_1_816' title='bbox 1621 2764 1730 2788; x_wconf 56' lang='lat' dir='ltr'>aureae</span> <span class='ocrx_word' id='word_1_817' title='bbox 1755 2754 1852 2790; x_wconf 52' lang='lat' dir='ltr'>disne</span> <span class='ocrx_word' id='word_1_818' title='bbox 1880 2755 1958 2789; x_wconf 87' lang='lat' dir='ltr'>sunt</span> <span class='ocrx_word' id='word_1_819' title='bbox 1985 2756 2126 2794; x_wconf 73' lang='lat' dir='ltr'>insulae,</span> <span class='ocrx_word' id='word_1_820' title='bbox 2155 2758 2208 2790; x_wconf 82' lang='lat' dir='ltr'>vei</span> <span class='ocrx_word' id='word_1_821' title='bbox 2233 2769 2249 2790; x_wconf 80' lang='lat' dir='ltr'>a</span> <span class='ocrx_word' id='word_1_822' title='bbox 2270 2760 2324 2802; x_wconf 84' lang='lat' dir='ltr'>pi-</span> 
     </span>
    </p>

    <p class='ocr_par' dir='ltr' id='par_1_22' title="bbox 1432 2795 2323 2846">
     <span class='ocr_line' id='line_1_123' title="bbox 1432 2795 2323 2846; baseline 0.006 -15"><span class='ocrx_word' id='word_1_823' title='bbox 1432 2795 1566 2831; x_wconf 84' lang='lat' dir='ltr'>scatura</span> <span class='ocrx_word' id='word_1_824' title='bbox 1594 2810 1663 2832; x_wconf 89' lang='lat' dir='ltr'>non</span> <span class='ocrx_word' id='word_1_825' title='bbox 1689 2802 1809 2834; x_wconf 85' lang='lat' dir='ltr'>minus</span> <span class='ocrx_word' id='word_1_826' title='bbox 1834 2800 1991 2834; x_wconf 83' lang='lat' dir='ltr'>mirabili</span> <span class='ocrx_word' id='word_1_827' title='bbox 2018 2824 2028 2839; x_wconf 83' lang='lat'><strong>‚</strong></span> <span class='ocrx_word' id='word_1_828' title='bbox 2054 2812 2158 2846; x_wconf 83' lang='lat' dir='ltr'>quam</span> <span class='ocrx_word' id='word_1_829' title='bbox 2186 2805 2223 2836; x_wconf 89' lang='lat' dir='ltr'>in</span> <span class='ocrx_word' id='word_1_830' title='bbox 2248 2801 2323 2836; x_wconf 80' lang='lat' dir='ltr'>finu</span> 
     </span>
    </p>

    <p class='ocr_par' dir='ltr' id='par_1_23' title="bbox 1431 2845 2377 2938">
     <span class='ocr_line' id='line_1_124' title="bbox 1433 2845 2377 2892; baseline 0.008 -18"><span class='ocrx_word' id='word_1_831' title='bbox 1433 2845 1636 2877; x_wconf 87' lang='lat' dir='ltr'>Brutiorum</span> <span class='ocrx_word' id='word_1_832' title='bbox 1664 2847 1886 2891; x_wconf 79' lang='lat' dir='ltr'>Hipponiato</span> <span class='ocrx_word' id='word_1_833' title='bbox 1910 2868 1921 2884; x_wconf 54' lang='lat'>2</span> <span class='ocrx_word' id='word_1_834' title='bbox 1951 2849 1982 2880; x_wconf 69' lang='lat'>36</span> <span class='ocrx_word' id='word_1_835' title='bbox 2014 2848 2176 2892; x_wconf 77' lang='lat' dir='ltr'>preoipue</span> <span class='ocrx_word' id='word_1_836' title='bbox 2200 2849 2322 2883; x_wconf 84' lang='lat' dir='ltr'>Coral-</span> <span class='ocrx_word' id='word_1_837' title='bbox 2375 2868 2377 2871; x_wconf 96' lang='lat'>·</span> 
     </span>
     <span class='ocr_line' id='line_1_125' title="bbox 1431 2887 2318 2938; baseline 0.009 -18"><span class='ocrx_word' id='word_1_838' title='bbox 1431 2888 1560 2921; x_wconf 87' lang='lat' dir='ltr'>liorum</span> <span class='ocrx_word' id='word_1_839' title='bbox 1588 2901 1596 2921; x_wconf 74' lang='lat' dir='ltr'>t</span> <span class='ocrx_word' id='word_1_840' title='bbox 1624 2890 1678 2922; x_wconf 85' lang='lat' dir='ltr'>vel</span> <span class='ocrx_word' id='word_1_841' title='bbox 1704 2894 1787 2936; x_wconf 86' lang='lat' dir='ltr'>quia</span> <span class='ocrx_word' id='word_1_842' title='bbox 1823 2889 1912 2926; x_wconf 88' lang='lat' dir='ltr'>sedes</span> <span class='ocrx_word' id='word_1_843' title='bbox 1939 2887 2038 2926; x_wconf 71' lang='lat' dir='ltr'>erant</span> <span class='ocrx_word' id='word_1_844' title='bbox 2076 2891 2318 2938; x_wconf 85' lang='lat' dir='ltr'>Archipirata-</span> 
     </span>
    </p>

    <p class='ocr_par' dir='ltr' id='par_1_24' title="bbox 1425 2935 2375 3028">
     <span class='ocr_line' id='line_1_126' title="bbox 1429 2935 2375 2972; baseline 0.007 -7"><span class='ocrx_word' id='word_1_845' title='bbox 1429 2944 1507 2967; x_wconf 88' lang='lat' dir='ltr'>rum</span> <span class='ocrx_word' id='word_1_846' title='bbox 1533 2955 1543 2970; x_wconf 81' lang='lat'>,</span> <span class='ocrx_word' id='word_1_847' title='bbox 1569 2942 1609 2968; x_wconf 89' lang='lat' dir='ltr'>ut</span> <span class='ocrx_word' id='word_1_848' title='bbox 1634 2944 1726 2969; x_wconf 80' lang='lat' dir='ltr'>totos</span> <span class='ocrx_word' id='word_1_849' title='bbox 1746 2936 1797 2970; x_wconf 90' lang='lat' dir='ltr'>ibi</span> <span class='ocrx_word' id='word_1_850' title='bbox 1823 2935 1878 2970; x_wconf 75' lang='lat' dir='ltr'>sex</span> <span class='ocrx_word' id='word_1_851' title='bbox 1903 2935 2034 2971; x_wconf 82' lang='lat' dir='ltr'>menses</span> <span class='ocrx_word' id='word_1_852' title='bbox 2061 2937 2255 2971; x_wconf 89' lang='lat' dir='ltr'>viderimus</span> <span class='ocrx_word' id='word_1_853' title='bbox 2283 2951 2318 2972; x_wconf 84' lang='lat' dir='ltr'>a..</span> <span class='ocrx_word' id='word_1_854' title='bbox 2374 2937 2375 2944; x_wconf 55' lang='lat'>¹</span> 
     </span>
     <span class='ocr_line' id='line_1_127' title="bbox 1425 2978 2315 3028; baseline 0.008 -18"><span class='ocrx_word' id='word_1_855' title='bbox 1425 2978 1595 3020; x_wconf 86' lang='lat' dir='ltr'>liquando</span> <span class='ocrx_word' id='word_1_856' title='bbox 1618 2981 1826 3015; x_wconf 84' lang='lat' dir='ltr'>Oechalium</span> <span class='ocrx_word' id='word_1_857' title='bbox 1843 3003 1853 3019; x_wconf 88' lang='lat'><em>‚</em></span> <span class='ocrx_word' id='word_1_858' title='bbox 1877 2982 2116 3026; x_wconf 72' lang='lat' dir='ltr'>Curtugolum</span> <span class='ocrx_word' id='word_1_859' title='bbox 2138 3005 2148 3021; x_wconf 93' lang='lat'>,</span> <span class='ocrx_word' id='word_1_860' title='bbox 2178 2985 2315 3028; x_wconf 76' lang='lat' dir='ltr'>Dragu-</span> 
     </span>
    </p>

    <p class='ocr_par' dir='ltr' id='par_1_25' title="bbox 1425 3024 2318 3074">
     <span class='ocr_line' id='line_1_128' title="bbox 1425 3024 2318 3074; baseline 0.009 -18"><span class='ocrx_word' id='word_1_861' title='bbox 1425 3031 1496 3057; x_wconf 88' lang='lat' dir='ltr'>tem</span> <span class='ocrx_word' id='word_1_862' title='bbox 1524 3045 1534 3061; x_wconf 88' lang='lat'><em>‚</em></span> <span class='ocrx_word' id='word_1_863' title='bbox 1561 3025 1649 3059; x_wconf 88' lang='lat' dir='ltr'>lucri</span> <span class='ocrx_word' id='word_1_864' title='bbox 1678 3024 1775 3059; x_wconf 79' lang='lat' dir='ltr'>causa</span> <span class='ocrx_word' id='word_1_865' title='bbox 1801 3030 1829 3060; x_wconf 70' lang='lat' dir='ltr'>Sc</span> <span class='ocrx_word' id='word_1_866' title='bbox 1855 3025 2068 3071; x_wconf 82' lang='lat' dir='ltr'>quotidianae</span> <span class='ocrx_word' id='word_1_867' title='bbox 2096 3027 2213 3073; x_wconf 79' lang='lat' dir='ltr'>praedae</span> <span class='ocrx_word' id='word_1_868' title='bbox 2233 3031 2318 3074; x_wconf 86' lang='lat' dir='ltr'>hye-</span> 
     </span>
    </p>

    <p class='ocr_par' dir='ltr' id='par_1_26' title="bbox 1423 3071 2316 3119">
     <span class='ocr_line' id='line_1_129' title="bbox 1423 3071 2316 3119; baseline 0.007 -16"><span class='ocrx_word' id='word_1_869' title='bbox 1423 3080 1530 3104; x_wconf 86' lang='lat' dir='ltr'>mare.</span> <span class='ocrx_word' id='word_1_870' title='bbox 1558 3072 1703 3104; x_wconf 84' lang='lat' dir='ltr'>Ioannes</span> <span class='ocrx_word' id='word_1_871' title='bbox 1728 3072 1927 3107; x_wconf 84' lang='lat' dir='ltr'>Franciscus</span> <span class='ocrx_word' id='word_1_872' title='bbox 1953 3071 2091 3106; x_wconf 87' lang='lat' dir='ltr'>Rubeus</span> <span class='ocrx_word' id='word_1_873' title='bbox 2111 3084 2215 3119; x_wconf 85' lang='lat' dir='ltr'>eques</span> <span class='ocrx_word' id='word_1_874' title='bbox 2227 3076 2316 3109; x_wconf 84' lang='lat' dir='ltr'>Tro-</span> 
     </span>
    </p>

    <p class='ocr_par' dir='ltr' id='par_1_27' title="bbox 1422 3115 2370 3434">
     <span class='ocr_line' id='line_1_130' title="bbox 1422 3115 2370 3164; baseline 0.008 -17"><span class='ocrx_word' id='word_1_875' title='bbox 1422 3116 1525 3147; x_wconf 83' lang='lat' dir='ltr'>ianus</span> <span class='ocrx_word' id='word_1_876' title='bbox 1550 3117 1588 3148; x_wconf 90' lang='lat' dir='ltr'>in</span> <span class='ocrx_word' id='word_1_877' title='bbox 1610 3115 1750 3150; x_wconf 80' lang='lat' dir='ltr'>historia</span> <span class='ocrx_word' id='word_1_878' title='bbox 1777 3118 2009 3162; x_wconf 84' lang='lat' dir='ltr'>Neapolitana</span> <span class='ocrx_word' id='word_1_879' title='bbox 2036 3139 2047 3155; x_wconf 85' lang='lat'><em>‚</em></span> <span class='ocrx_word' id='word_1_880' title='bbox 2075 3130 2182 3164; x_wconf 86' lang='lat' dir='ltr'>quam</span> <span class='ocrx_word' id='word_1_881' title='bbox 2203 3130 2317 3155; x_wconf 85' lang='lat' dir='ltr'>morte</span> <span class='ocrx_word' id='word_1_882' title='bbox 2369 3153 2370 3157; x_wconf 75' lang='grc'>,</span> 
     </span>
     <span class='ocr_line' id='line_1_131' title="bbox 1426 3160 2370 3204; baseline 0.008 -12"><span class='ocrx_word' id='word_1_883' title='bbox 1426 3168 1616 3204; x_wconf 85' lang='lat' dir='ltr'>occupatus</span> <span class='ocrx_word' id='word_1_884' title='bbox 1641 3172 1712 3193; x_wconf 81' lang='lat' dir='ltr'>non</span> <span class='ocrx_word' id='word_1_885' title='bbox 1741 3160 1876 3200; x_wconf 76' lang='lat' dir='ltr'>edidit,</span> <span class='ocrx_word' id='word_1_886' title='bbox 1902 3161 2141 3197; x_wconf 80' lang='lat' dir='ltr'>arbitrabatur</span> <span class='ocrx_word' id='word_1_887' title='bbox 2167 3164 2313 3199; x_wconf 82' lang='lat' dir='ltr'>alteram</span> <span class='ocrx_word' id='word_1_888' title='bbox 2369 3172 2370 3175; x_wconf 77' lang='grc'>’</span> 
     </span>
     <span class='ocr_line' id='line_1_132' title="bbox 1425 3205 2369 3257; baseline 0.008 -20"><span class='ocrx_word' id='word_1_889' title='bbox 1425 3214 1468 3238; x_wconf 79' lang='lat' dir='ltr'>ex</span> <span class='ocrx_word' id='word_1_890' title='bbox 1491 3206 1698 3239; x_wconf 82' lang='lat' dir='ltr'>Tarentinis</span> <span class='ocrx_word' id='word_1_891' title='bbox 1737 3205 1860 3240; x_wconf 82' lang='lat' dir='ltr'>insulis</span> <span class='ocrx_word' id='word_1_892' title='bbox 1887 3210 2061 3253; x_wconf 71' lang='lat' dir='ltr'>Ogygiam</span> <span class='ocrx_word' id='word_1_893' title='bbox 2088 3208 2185 3244; x_wconf 75' lang='lat' dir='ltr'>fniffe</span> <span class='ocrx_word' id='word_1_894' title='bbox 2211 3212 2315 3257; x_wconf 81' lang='lat' dir='ltr'>Caly-</span> <span class='ocrx_word' id='word_1_895' title='bbox 2368 3209 2369 3224; x_wconf 73' lang='lat'>³</span> 
     </span>
     <span class='ocr_line' id='line_1_133' title="bbox 1424 3248 2368 3299; baseline 0.007 -17"><span class='ocrx_word' id='word_1_896' title='bbox 1424 3248 1502 3296; x_wconf 85' lang='lat' dir='ltr'>psus</span> <span class='ocrx_word' id='word_1_897' title='bbox 1528 3261 1536 3282; x_wconf 90' lang='lat'>:</span> <span class='ocrx_word' id='word_1_898' title='bbox 1573 3249 1606 3283; x_wconf 87' lang='lat' dir='ltr'>id</span> <span class='ocrx_word' id='word_1_899' title='bbox 1632 3260 1750 3286; x_wconf 83' lang='lat' dir='ltr'>autem</span> <span class='ocrx_word' id='word_1_900' title='bbox 1779 3264 1899 3287; x_wconf 83' lang='lat' dir='ltr'>verum</span> <span class='ocrx_word' id='word_1_901' title='bbox 1926 3265 1968 3286; x_wconf 84' lang='lat' dir='ltr'>ne</span> <span class='ocrx_word' id='word_1_902' title='bbox 1999 3253 2039 3287; x_wconf 79' lang='lat' dir='ltr'>sit</span> <span class='ocrx_word' id='word_1_903' title='bbox 2065 3276 2075 3293; x_wconf 92' lang='lat'>‚</span> <span class='ocrx_word' id='word_1_904' title='bbox 2101 3257 2161 3299; x_wconf 88' lang='lat' dir='ltr'>qui</span> <span class='ocrx_word' id='word_1_905' title='bbox 2184 3255 2311 3291; x_wconf 85' lang='lat' dir='ltr'>viderit</span> <span class='ocrx_word' id='word_1_906' title='bbox 2367 3283 2368 3289; x_wconf 68' lang='grc'>,</span> 
     </span>
     <span class='ocr_line' id='line_1_134' title="bbox 1425 3294 2367 3345; baseline 0.007 -18"><span class='ocrx_word' id='word_1_907' title='bbox 1425 3294 1584 3330; x_wconf 89' lang='lat' dir='ltr'>Plinium</span> <span class='ocrx_word' id='word_1_908' title='bbox 1612 3317 1624 3335; x_wconf 84' lang='lat'>‚</span> <span class='ocrx_word' id='word_1_909' title='bbox 1646 3295 1822 3335; x_wconf 80' lang='lat' dir='ltr'>judicabit</span> <span class='ocrx_word' id='word_1_910' title='bbox 1840 3322 1849 3332; x_wconf 86' lang='lat'><strong>.</strong></span> <span class='ocrx_word' id='word_1_911' title='bbox 1886 3300 2043 3345; x_wconf 85' lang='lat' dir='ltr'>Utraque</span> <span class='ocrx_word' id='word_1_912' title='bbox 2067 3298 2169 3334; x_wconf 88' lang='lat' dir='ltr'>hodie</span> <span class='ocrx_word' id='word_1_913' title='bbox 2196 3312 2212 3333; x_wconf 87' lang='lat' dir='ltr'>a</span> <span class='ocrx_word' id='word_1_914' title='bbox 2238 3299 2313 3334; x_wconf 86' lang='lat' dir='ltr'>san-</span> <span class='ocrx_word' id='word_1_915' title='bbox 2366 3321 2367 3326; x_wconf 65' lang='lat'>=</span> 
     </span>
     <span class='ocr_line' id='line_1_135' title="bbox 1422 3338 2367 3387; baseline 0.01 -15"><span class='ocrx_word' id='word_1_916' title='bbox 1422 3338 1485 3373; x_wconf 65' lang='lat' dir='ltr'>Stis</span> <span class='ocrx_word' id='word_1_917' title='bbox 1509 3338 1611 3376; x_wconf 86' lang='lat' dir='ltr'>suum</span> <span class='ocrx_word' id='word_1_918' title='bbox 1633 3352 1776 3387; x_wconf 79' lang='lat' dir='ltr'>quaeque</span> <span class='ocrx_word' id='word_1_919' title='bbox 1801 3342 1921 3379; x_wconf 83' lang='lat' dir='ltr'>sortita</span> <span class='ocrx_word' id='word_1_920' title='bbox 1954 3345 1998 3378; x_wconf 88' lang='lat' dir='ltr'>est</span> <span class='ocrx_word' id='word_1_921' title='bbox 2026 3356 2179 3384; x_wconf 86' lang='lat' dir='ltr'>nomen,</span> <span class='ocrx_word' id='word_1_922' title='bbox 2198 3348 2310 3381; x_wconf 83' lang='lat' dir='ltr'>maior</span> <span class='ocrx_word' id='word_1_923' title='bbox 2366 3347 2367 3351; x_wconf 72' lang='grc'>’</span> 
     </span>
     <span class='ocr_line' id='line_1_136' title="bbox 1422 3385 2310 3434; baseline 0.008 -16"><span class='ocrx_word' id='word_1_924' title='bbox 1422 3396 1440 3418; x_wconf 85' lang='lat' dir='ltr'>a</span> <span class='ocrx_word' id='word_1_925' title='bbox 1465 3385 1546 3422; x_wconf 90' lang='lat' dir='ltr'>diva</span> <span class='ocrx_word' id='word_1_926' title='bbox 1572 3388 1730 3432; x_wconf 77' lang='lat' dir='ltr'>pelagia,</span> <span class='ocrx_word' id='word_1_927' title='bbox 1760 3391 1878 3424; x_wconf 84' lang='lat' dir='ltr'>minor</span> <span class='ocrx_word' id='word_1_928' title='bbox 1903 3388 1946 3422; x_wconf 87' lang='lat' dir='ltr'>ab</span> <span class='ocrx_word' id='word_1_929' title='bbox 1974 3389 2136 3434; x_wconf 84' lang='lat' dir='ltr'>Apostolo</span> <span class='ocrx_word' id='word_1_930' title='bbox 2162 3391 2310 3425; x_wconf 82' lang='lat' dir='ltr'>Andrea.</span> 
     </span>
    </p>

    <p class='ocr_par' dir='ltr' id='par_1_28' title="bbox 1419 3430 2365 3525">
     <span class='ocr_line' id='line_1_137' title="bbox 1423 3430 2365 3479; baseline 0.006 -15"><span class='ocrx_word' id='word_1_931' title='bbox 1423 3430 1478 3465; x_wconf 75' lang='lat' dir='ltr'>Est</span> <span class='ocrx_word' id='word_1_932' title='bbox 1504 3434 1534 3464; x_wconf 63' lang='grc'>8(</span> <span class='ocrx_word' id='word_1_933' title='bbox 1571 3435 1673 3466; x_wconf 82' lang='lat' dir='ltr'>tertia</span> <span class='ocrx_word' id='word_1_934' title='bbox 1702 3435 1740 3468; x_wconf 90' lang='lat' dir='ltr'>in</span> <span class='ocrx_word' id='word_1_935' title='bbox 1769 3433 1844 3479; x_wconf 75' lang='lat' dir='ltr'>iplis</span> <span class='ocrx_word' id='word_1_936' title='bbox 1874 3431 2033 3467; x_wconf 86' lang='lat' dir='ltr'>faucibus</span> <span class='ocrx_word' id='word_1_937' title='bbox 2071 3445 2188 3476; x_wconf 82' lang='lat' dir='ltr'>portus</span> <span class='ocrx_word' id='word_1_938' title='bbox 2226 3437 2309 3470; x_wconf 91' lang='lat' dir='ltr'>divo</span> <span class='ocrx_word' id='word_1_939' title='bbox 2363 3440 2365 3448; x_wconf 83' lang='lat'><em>&#39;</em></span> 
     </span>
     <span class='ocr_line' id='line_1_138' title="bbox 1419 3477 2310 3525; baseline 0.004 -14"><span class='ocrx_word' id='word_1_940' title='bbox 1419 3478 1569 3512; x_wconf 82' lang='lat' dir='ltr'>Nicolao</span> <span class='ocrx_word' id='word_1_941' title='bbox 1604 3477 1719 3513; x_wconf 82' lang='lat' dir='ltr'>dicata</span> <span class='ocrx_word' id='word_1_942' title='bbox 1749 3483 1848 3513; x_wconf 75' lang='lat' dir='ltr'>iuxta</span> <span class='ocrx_word' id='word_1_943' title='bbox 1878 3490 1983 3524; x_wconf 87' lang='lat' dir='ltr'>quam</span> <span class='ocrx_word' id='word_1_944' title='bbox 2005 3480 2217 3525; x_wconf 86' lang='lat' dir='ltr'>prospicitur</span> <span class='ocrx_word' id='word_1_945' title='bbox 2242 3482 2310 3515; x_wconf 79' lang='lat' dir='ltr'>sco-</span> 
     </span>
    </p>

    <p class='ocr_par' dir='ltr' id='par_1_29' title="bbox 2162 3529 2265 3575">
     <span class='ocr_line' id='line_1_139' title="bbox 2162 3529 2265 3575; baseline 0 -14"><span class='ocrx_word' id='word_1_946' title='bbox 2162 3529 2265 3575; x_wconf 83' lang='lat' dir='ltr'>pulus</span> 
     </span>
    </p>
   </div>
  </div>
 </body>
</html>
