2404 3882
115 139 224 188 185

391 134 1059 189 stainans-11

1173 135 1673 188 LEONIS
1845 143 1905 193 86-

108 237 175 277 que
187 228 428 266 defuntqorum
442 241 547 272 atque
562 229 738 268 sacellum.
752 234 873 277 Quum
891 233 1039 280 igiturA
1057 242 1178 267 eorum
1203 245 1287 268 vero
1313 234 1573 278 triangulorum
1598 236 1705 270 latera
1730 236 1850 274 omnia
1874 231 1957 280 pas-2

109 277 291 323 quisquam
304 278 440 311 civium
461 278 618 322 egregius
641 287 794 313 mortem
816 290 902 313 cum
923 282 998 313 vita

107 323 338 358 commutarit
352 345 362 360 ‚
379 324 487 357 etiam
507 321 617 356 biduo
639 321 823 358 defunfflus
838 327 1000 360 contine-

109 375 170 400 tur
193 365 317 404 domi,
343 367 545 413 frequenter
569 367 626 402 die
653 380 722 402 una
739 381 755 409 ¹t
783 368 895 413 pridie
915 380 998 405 vero

116 423 222 456 quam
234 415 387 456 exequiae
400 420 550 457 agantur
565 434 577 450 ‚
593 412 632 446 ad
647 415 775 458 primas
801 412 892 448 faces
903 426 999 449 cam·

107 468 198 505 pana
221 460 378 492 maxima
402 454 556 503 pulsatur
572 478 584 495 ‚
608 461 709 504 prius
736 458 881 504 quidem
910 462 947 494 in
963 472 998 494 ee

103 500 253 547 piscopii
277 503 502 549 campanaria
525 509 619 538 turre
635 527 646 543 ‚
674 512 777 550 atque
803 515 908 548 quam
934 516 997 538 ve-

104 546 365 585 hementiffime
394 548 529 593 percuti
547 550 676 593 potest,
703 558 745 584 ut
759 547 912 584 sonusfit
929 559 999 584 ter·

105 590 246 629 ribilior
269 614 280 630 ‚
308 605 346 627 ac
375 602 544 637 tanquam
571 605 633 639 pro
655 602 799 630 mortuo
827 595 996 630 clamores

105 638 216 672 etiam
238 634 408 683 can-spana
435 638 580 672 mittere
604 640 765 673 videatur
790 652 800 672 ι
829 638 1002 682 pulsatur-

132 695 174 716 ue
198 681 239 715 ad
268 683 436 718 ducentos
459 682 549 716 isius
582 687 593 716 .“
631 683 701 718 Post
726 683 818 718 hanc
845 683 1000 729 pulsatur

1055 282 1119 319 fim
1143 277 1293 312 candelae
1328 276 1473 312 accensae
1498 281 1683 324 eriguntur
1711 294 1721 314 ε
1761 284 1797 316 in
1823 280 1955 325 angulo

1055 337 1138 362 vero
1160 321 1250 357 faces
1278 332 1400 357 extant
1428 335 1440 362 3
1477 323 1567 358 hanc
1602 326 1719 369 itaque
1750 326 1956 364 strufiluram

1055 371 1293 411 fabricamque
1322 369 1504 412 lignorum
1530 367 1570 401 ad
1595 367 1628 401 id
1659 374 1826 413 temporis
1855 381 1956 416 para-

1054 428 1151 455 tam,
1176 413 1403 457 castellamina
1427 423 1581 449 vocant.
1608 413 1802 449 Defunfftus
1827 423 1950 452 autem

1053 467 1146 499 intra
1163 471 1200 492 ea
1219 468 1358 493 tenetur
1389 458 1567 503 quousque
1594 458 1724 496 divinae
1749 470 1884 503 preces,
1900 467 1957 493 at-

1053 519 1121 554 que
1143 507 1254 539 naenia
1280 501 1298 539 ὲ
1324 502 1560 540 sacerdotibus
1573 502 1876 541 decantantur‚at
1905 515 1961 543 uer

1054 549 1269 588 collaudatio
1295 547 1382 583 faffa
1408 549 1476 586 sitt,
1498 547 1666 592 siquidem
1696 547 1876 586 interdum
1918 560 1954 581 a·-

1059 598 1161 633 betur
1183 596 1296 628 oratio
1311 616 1322 633 ‚
1336 604 1400 640 qua
1419 592 1574 628 defunffi
1598 606 1710 628 mores
1733 604 1773 627 ac
1788 593 1952 631 vitalau-

1059 643 1188 677 dantur
1212 642 1248 673 in
1275 639 1346 684 ipso
1372 637 1508 674 funeris
1531 638 1673 674 officio:
1702 637 1955 673 interdumve·

1060 700 1098 722 ro
1116 685 1187 732 post
1214 683 1320 729 ipsius
1345 685 1616 723 humationem,
1637 683 1730 729 quod
1746 685 1859 727 magis
1872 693 1956 728 pro-

104 740 124 763 α
143 738 213 762 tera
237 738 406 771 campana
434 730 542 762 etiam
567 729 721 763 maxima
746 731 784 763 in
812 732 1183 775 campana-Rhatum
1198 730 1266 769 est,
1294 726 1364 773 qub
1387 742 1424 763 n.
1440 732 1552 763 oratio
1579 729 1726 772 habetur
1741 729 1954 764 humatione

106 775 161 808 rio
186 771 261 807 divi
293 771 463 808 Francisci
487 772 528 806 ad
557 772 706 808 totidem
735 774 850 813 ieius,
875 773 997 809 modo-

103 829 172 863 que
197 816 318 853 eodem
348 826 496 862 utraque
523 817 676 852 vicissim
714 828 765 854 ter
801 817 957 866 pulsatur
983 839 995 857 ‚

104 873 219 908 quum
247 863 432 898 defunaus
459 873 532 896 mas
557 861 664 898 fuerit
707 876 718 904 3
755 877 907 911 namque
935 875 997 910 pro

95 911 251 948 foemina
269 909 371 943 semel
393 916 497 952 atque
522 908 655 942 iterum
684 908 825 955 singulae
856 909 996 956 pulsan·

102 965 162 993 tur
175 979 186 989 .
199 957 231 988 Si
247 966 327 990 vero
341 951 523 987 defunfftus
538 950 645 986 fuerit
657 954 852 999 opifex‚aut
867 966 937 989 non
953 964 996 987 ex

105 1001 227 1036 ordine
248 999 437 1034 meliorum
453 1017 464 1034 2
488 1004 570 1033 tum
584 1008 759 1044 campanae
773 1000 823 1034 hae
837 999 877 1033 ad
889 1000 996 1045 quin-

102 1048 245 1094 quagies
259 1040 448 1086 sexagiesve
466 1041 575 1077 ietum
592 1046 796 1089 accipiunt:
812 1043 993 1079 interdum

102 1105 176 1129 non
199 1099 349 1133 utraque
374 1085 427 1120 sed
453 1086 620 1122 alterutra
645 1087 832 1124 dumtaxat
859 1089 931 1123 istu
956 1098 992 1121 a,-

96 1142 219 1184 gitur,
237 1135 360 1178 Quum
384 1143 467 1167 vero
489 1134 550 1178 qui
577 1132 694 1172 obiit,
722 1145 805 1177 puer
832 1132 991 1170 infansve

97 1184 208 1222 fuerit
232 1205 244 1221 ‚
280 1188 450 1223 campana
476 1179 582 1223 par'va
617 1179 805 1224 paucisque
837 1177 990 1219 iffibus,

1058 777 1220 821 posterior
1247 797 1259 815 ‚
1296 773 1336 809 eb
1359 775 1471 819 magis
1495 772 1513 808 ὲ
1538 774 1677 809 silentio
1703 777 1734 808 ὃ(
1760 773 1952 809 hominum

1052 822 1234 861 oblivione
1257 820 1369 856 veluti
1393 820 1433 853 ad
1460 821 1574 855 vitam
1601 819 1786 860 desumi-'tus
1803 828 1947 853 revoca-

1053 877 1110 902 tur
1136 889 1148 905 ‚
1174 867 1354 911 magisque
1379 866 1488 899 amari
1514 876 1555 898 ac
1573 863 1754 899 defiderari
1780 864 1954 905 videtum*

1049 921 1170 947 contra
1199 923 1281 949 vero
1305 921 1416 954 quum
1441 909 1604 955 praesente
1626 909 1792 944 defuneto
1814 916 1951 947 oratur,

1050 967 1231 1000 unacum
1253 968 1292 989 eo
1314 956 1454 989 humari
1487 966 1527 988 ac
1551 953 1687 998 sepeliri
1714 951 1853 987 videtur
1874 965 1953 987 ota-

1051 1005 1103 1036 tio
1118 1025 1127 1036 .
1158 999 1304 1036 Proinde
1318 1000 1476 1034 Gentilis
1492 999 1700 1034 Albertinus
1721 999 1861 1040 iuvenis
1875 1010 1952 1032 ma-

1050 1057 1120 1090 gna
1147 1046 1349 1090 eloquentia
1374 1043 1538 1090 praeditus
1564 1042 1712 1083 biennio
1739 1043 1809 1089 post
1827 1051 1950 1085 tumu-

1051 1088 1400 1126 lacosluculetiffima
1425 1091 1584 1124 oratione
1606 1089 1824 1128 collaudavit
1847 1085 1953 1132 Sigis-

1048 1148 1108 1171 mu
1117 1136 1228 1170 ndum
1254 1133 1427 1169 Alfanum
1439 1156 1454 1180 5
1470 1142 1574 1179 atque
1590 1134 1764 1169 Baldasare
1782 1131 1953 1183 Judicen-

1047 1180 1116 1217 sem
1129 1206 1137 1214 .
1156 1181 1384 1227 Afflsitaque
1409 1171 1546 1214 inferiis
1562 1178 1753 1226 naeniisque
1767 1201 1778 1217 ‚
1790 1179 1949 1224 primum.

95 1231 202 1275 idque
231 1230 270 1261 in
293 1224 403 1258 altero
427 1221 536 1257 solum
563 1226 791 1269 campanario
821 1223 965 1260 auditur
979 1226 1031 1268 ,C
1045 1226 1248 1268 dimittitur
1270 1224 1313 1260 ab
1335 1225 1504 1262 aeditimis
1530 1233 1603 1265 tota
1632 1224 1855 1270 lugubrium,
1871 1233 1949 1271 quae

95 1274 311 1321 Qujnetiam
336 1265 401 1303 sub
427 1268 629 1307 diluculum
664 1269 804 1314 posterae
829 1269 898 1304 diei
926 1270 1007 1315 pro‘

94 1319 265 1369 primario
290 1313 509 1350 solumnodo
547 1315 624 1348 viro
662 1321 841 1360 campanae
862 1315 990 1353 eaedem

96 1375 139 1401 ut
163 1362 276 1410 pridie
298 1360 516 1395 metantur.-
543 1361 632 1394 item
659 1363 765 1394 tertio
791 1361 863 1407 post
889 1373 991 1398 exor-v

92 1421 172 1447 tum
199 1407 301 1442 (olem
319 1429 330 1446 ‚
355 1415 460 1451 atque
484 1402 547 1440 sub
573 1403 684 1450 ipsam
709 1404 844 1441 funeris
866 1407 990 1442 elatio-

91 1468 199 1494 nem.
226 1450 424 1488 Defunskus
451 1461 532 1484 vero
558 1460 670 1496 quum
695 1449 800 1491 domo
837 1451 991 1493 educens(-

91 1502 158 1537 dus
183 1498 226 1533 est
240 1522 252 1538 ‚
277 1501 316 1532 in
342 1495 468 1541 capulo
492 1494 594 1529 strato
608 1516 620 1533 ‚
637 1495 786 1531 culcitra
802 1519 813 1536 ‚
829 1500 859 1532 &
876 1496 988 1538 lodice

92 1546 330 1595 pulcherrima
343 1542 545 1587 imponitur
558 1540 701 1574 vestitus
725 1553 765 1575 eo
779 1542 884 1577 modo
894 1565 905 1581 ‚
918 1555 990 1589 quo

91 1588 337 1640 preciofiffime
364 1594 507 1623 ornatus
534 1584 650 1620 suiffet
676 1587 988 1634 vivens5sequun-

94 1643 156 1676 eur
179 1633 292 1681 ipsum
311 1633 474 1668 mulieres
493 1629 599 1676 usque
626 1629 668 1664 acl
689 1633 858 1678 capulum
884 1631 986 1680 paffis

91 1682 256 1728 capillis,
282 1678 424 1722 lugubri
452 1675 540 1710 veste
557 1676 735 1721 plorantes
763 1675 987 1723 planoentes.

1049 1274 1220 1308 comitata
1245 1267 1354 1305 funus
1378 1277 1477 1308 erat,
1503 1279 1544 1304 ut
1566 1269 1712 1306 domum
1739 1269 1875 1306 redeat,
1904 1268 1949 1300 il-

1049 1318 1152 1362 laque
1176 1317 1271 1361 prius
1298 1315 1339 1349 ad
1361 1313 1570 1352 defunL-'lum
1595 1314 1755 1355 accedit,
1781 1321 1885 1357 atque
1908 1324 1951 1354 o-,

1048 1361 1144 1397 sculo
1163 1362 1244 1396 dato
1270 1363 1464 1396 revertitur
1478 1359 1625 1395 domum
1650 1359 1768 1395 versus
1782 1384 1791 1393 .
1807 1356 1947 1392 Deinde

1047 1405 1233 1442 defunffius
1260 1409 1296 1440 in
1320 1406 1527 1450 arcalignea
1557 1407 1678 1443 linteis
1705 1405 1784 1447 solis
1812 1414 1948 1438 convo-

1047 1454 1144 1488 lutus
1167 1451 1368 1486 includitur
1385 1473 1396 1494 ².
1412 1459 1516 1497 atque
1538 1454 1575 1486 in
1590 1450 1670 1486 fossa
1691 1450 1805 1487 sacelli
1822 1445 1873 1481 sui
1890 1448 1949 1481 sti-

1048 1508 1149 1540 patur
1167 1508 1205 1531 ac
1222 1499 1353 1541 tegitur
1369 1522 1377 1530 .
1400 1496 1653 1536 Illusttioribus
1670 1500 1752 1531 vero
1778 1496 1867 1529 viris
1894 1501 1950 1532 at-

1045 1553 1112 1589 que
1140 1540 1318 1588 Episcopis
1347 1565 1358 1581 ‚
1386 1543 1419 1576 δε
1445 1543 1575 1585 regulis
1601 1553 1679 1575 arca
1706 1541 1748 1576 fit
1776 1548 1949 1574 excavato

1044 1585 1297 1633 insculptoque
1323 1599 1501 1624 marmore
1530 1599 1539 1620 :
1566 1599 1642 1632 qua>
1664 1599 1734 1621 non
1759 1588 1798 1620 in
1824 1582 1945 1619 fossam

1042 1632 1248 1669 demittitur
1273 1654 1283 1670 ‚
1323 1630 1377 1668 sed
1408 1633 1528 1667 creetis
1559 1641 1712 1678 quatuor
1744 1629 1944 1673 columellis

1044 1676 1167 1724 pilisve
1195 1677 1444 1723 superponitur
1471 1686 1595 1711 extans
1636 1675 1654 1711 ὲ
1695 1686 1785 1710 terra
1819 1674 1861 1709 ad
1889 1674 1947 1709 sex

88 1740 183 1777 que,
208 1727 300 1759 inter
313 1734 398 1769 quas
423 1721 444 1755 fi
461 1733 528 1767 qua
553 1731 639 1755 uxor
663 1719 772 1756 fuerit
799 1710 959 1758 deffinffi
975 1721 1138 1767 ,Dpedes
1154 1745 1165 1761 ‚
1192 1726 1227 1758 in
1250 1735 1318 1770 qua
1342 1724 1405 1764 ubi
1433 1722 1620 1762 defunfftus
1643 1722 1727 1756 situs
1756 1720 1799 1755 est
1818 1742 1830 1766 ρ
1854 1722 1945 1766 tegi-

85 1772 160 1821 ipsa
186 1771 301 1817 palam
338 1766 470 1802 :efesus
498 1765 619 1805 forfice
650 1766 790 1812 capillis
816 1766 1004 1806 omnibus*
1041 1777 1099 1803 tur
1124 1770 1236 1803 altero
1260 1781 1435 1804 marmore
1458 1770 1614 1813 imagine
1629 1767 1783 1805 defunffi
1809 1763 1946 1810 effigia-

114 1819 206 1855 eSlus
230 1815 350 1848 mariti
364 1813 523 1858 contegit
537 1834 549 1851 ‚
576 1821 615 1844 ac
629 1812 801 1858 relinquit
815 1814 982 1858 largiens,

86 1875 128 1900 ut
152 1864 231 1897 illos
244 1862 282 1893 in
308 1857 522 1903 sepulturam
549 1868 624 1890 rem
655 1856 750 1891 suam
779 1862 900 1893 uxoris
925 1869 982 1894 ca-

82 1909 257 1948 siffimam
283 1903 442 1938 conferat
463 1925 476 1942 ‚
501 1901 626 1936 deinde
649 1900 774 1938 osculis
800 1904 981 1949 postremis

85 1957 177 1990 datis
198 1946 582 1993 lamentationibusque
608 1949 750 1992 magnis
773 1947 875 1983 fastis
888 1949 983 1984 evel-

81 2004 173 2039 1itur
197 1997 215 2032 ὲ
241 1994 432 2033 cadavere,
459 1993 552 2039 quod
577 1993 738 2037 amplexa
766 2003 864 2029 tenet
880 1996 982 2042 3p10..

82 2055 221 2083 rantem
250 2040 348 2074 illam
363 2040 522 2073 evellunt
544 2038 696 2083 magistri
721 2049 856 2085 pompae
870 2052 909 2075 ac
924 2042 982 2075 viv

83 2094 116 2127 ri
142 2089 272 2124 amici,
294 2085 404 2132 postea
430 2083 548 2119 filiolae
573 2092 678 2128 atque
704 2082 826 2118 affines
853 2086 981 2125 mulie-‚³

84 2148 138 2171 res
163 2137 270 2168 etiam
304 2131 479 2176 plorantes
514 2127 721 2163 defunsium
754 2127 980 2169 osculantur,

83 2191 189 2225 atque
216 2177 355 2210 ultimis
374 2174 428 2209 his
456 2172 583 2209 officiis
597 2173 681 2207 affis
708 2175 849 2209 tollitur
874 2187 982 2222 capu-

1039 1825 1075 1852 to
1094 1835 1105 1852 2
1130 1822 1235 1861 atque
1249 1818 1395 1858 nomine
1410 1813 1615 1848 &laudibus
1629 1814 1699 1854 eius
1712 1809 1841 1850 incis03
1855 1822 1944 1856 quo-

1038 1871 1120 1896 rum
1143 1871 1225 1901 vero
1251 1868 1354 1894 tanta
1373 1872 1445 1894 non
1471 1859 1515 1895 est
1539 1859 1596 1893 vel
1623 1861 1677 1891 vis
1700 1857 1754 1891 vel
1777 1856 1942 1895 ambitio,

1039 1907 1077 1939 in
1104 1903 1201 1939 foffas
1226 1905 1386 1950 publicas
1409 1902 1645 1944 intruduntur
1667 1924 1678 1941 ‚
1703 1914 1778 1950 quae
1805 1913 1864 1947 per
1885 1914 1939 1936 re-

1038 1951 1174 1996 liquam
1196 1948 1377 1988 bafilicam
1413 1949 1492 1984 sunt
1514 1959 1689 1992 excavatae
1713 1970 1725 1987 ‚
1745 1959 1860 1994 neque
1884 1958 1941 1981 ca—

1039 1994 1296 2030 stellaminibus
1324 1995 1540 2038 incalescunt
1567 2017 1578 2033 ‚
1619 2003 1679 2030 aut
1707 1992 1943 2036 collaudatio-

1038 2040 1144 2077 nibus
1171 2039 1392 2076 illustrantur
1410 2067 1418 2075 .
1450 2040 1508 2074 Illi
1529 2052 1612 2074 vero
1639 2042 1705 2086 qui
1726 2036 1829 2081 occisi
1858 2037 1940 2072 sunt

1038 2094 1113 2120 tam
1141 2094 1281 2131 repente
1303 2108 1314 2125 ‚
1342 2097 1382 2123 ut
1412 2099 1455 2121 ne
1481 2083 1573 2120 sacra
1612 2084 1760 2132 quidem
1785 2080 1802 2116 ὲ
1826 2086 1941 2118 Sacer—

1038 2130 1181 2165 dotibus
1203 2132 1357 2178 accipere
1372 2134 1512 2178 quirint
1527 2153 1539 2170 ‚
1554 2140 1652 2166 extra
1678 2129 1856 2164 bafilicam
1871 2129 1940 2163 hu-

1038 2184 1214 2221 mantur,
1239 2174 1282 2211 fit
1305 2191 1342 2213 n⁹
1369 2177 1488 2222 ligone
1513 2176 1595 2219 §offa
1619 2176 1689 2210 alta
1709 2174 1751 2209 ad
1776 2177 1936 2222 quinque

85 2226 162 2261 lum
200 2222 356 2259 humeris
389 2228 541 2265 quatuor
582 2218 785 2254 validorum
809 2220 1019 2275 iuvenumE
1037 2222 1135 2257 sexve
1162 2219 1288 2275 pedes:
1317 2225 1354 2257 in
1381 2234 1449 2269 qua
1474 2222 1622 2260 cadaver
1645 2218 1770 2267 absque
1793 2231 1938 2273 pompa,

82 2269 343 2316 vespillonum,
368 2274 472 2306 atque
499 2260 666 2303 effertur3
692 2266 859 2309 mulieres
884 2267 981 2314 sequi

81 2323 250 2350 conantes
288 2309 383 2344 domi
409 2310 608 2345 retinentur
644 2309 687 2344 ab
715 2311 793 2353 aliis
819 2313 942 2345 amicis
970 2323 981 2345 ι

81 2370 234 2406 quarum
257 2356 570 2398 numerusingens
597 2353 637 2388 ad
663 2354 699 2389 id
725 2367 763 2389 ea
790 2354 981 2392 dieaccur-

79 2410 150 2441 rit.
176 2408 306 2444 Pompa
334 2411 415 2433 vero
440 2401 574 2442 partim
601 2399 762 2445 praecedit
789 2421 800 2438 ‚
844 2402 978 2448 partim

77 2450 232 2496 sequitur
257 2445 362 2481 funus
375 2443 612 2490 33praecedunt
635 2447 732 2479 enim
758 2446 976 2491 primumn-

79 2490 345 2531 bitinarii‘bini
384 2488 589 2529 incedentes
623 2489 884 2535 tacentesque;
925 2489 974 2525 se·-

82 2547 243 2588 quuntur
258 2534 354 2571 hosce
369 2535 574 2570 coenobitae:
601 2536 772 2581 postremo
787 2535 976 2571 sacerdotes

77 2583 245 2631 episcopii
271 2581 349 2615 bini
376 2591 515 2628 quoque
548 2580 602 2615 sed
628 2583 856 2616 concinentes
881 2578 974 2626 psal-

75 2641 153 2665 mos
179 2627 341 2661 naeniales
368 2639 379 2666 3
412 2636 534 2662 eorum
559 2639 640 2661 vero
666 2627 777 2661 trium
800 2638 970 2675 generum

72 2673 210 2719 fingula
235 2671 425 2717 praeferunt
449 2673 556 2708 altam
582 2683 748 2708 crucem,
773 2682 882 2716 quam
909 2684 969 2706 ve-

1039 2271 1069 2302 &
1099 2269 1223 2301 naeniis
1249 2266 1406 2302 delatum
1428 2264 1446 2299 ὲ
1471 2269 1592 2312 paucis
1611 2262 1684 2300 ‘sola
1711 2270 1801 2309 terra
1824 2276 1937 2310 operi-

1038 2322 1095 2347 tur
1119 2323 1130 2350 ς
1155 2311 1199 2346 est
1221 2322 1340 2348 autem
1369 2308 1460 2346 hisce
1485 2310 1605 2345 occisis
1627 2309 1831 2356 sepeliendis
1857 2322 1936 2344 area

1037 2355 1196 2404 quaedam
1217 2356 1407 2395 destinata,
1435 2368 1543 2402 quam
1558 2356 1672 2391 ambit
1698 2353 1715 2388 a
1736 2353 1883 2389 meridie
1897 2367 1935 2388 a·

1037 2404 1070 2437 la
1095 2400 1290 2446 episcopii,
1317 2401 1453 2441 abortu
1481 2414 1562 2441 vero
1584 2401 1696 2442 areola
1717 2399 1866 2434 basilicae
1877 2399 1933 2434 di-

1037 2450 1072 2482 vi
1096 2445 1237 2489 Ioannis
1261 2445 1420 2493 Baptistae
1441 2459 1449 2487 ς
1468 2459 1506 2485 ea
1523 2459 1598 2486 area
1623 2444 1859 2494 quadrilatera
1873 2458 1933 2492 pa÷=

1034 2501 1084 2526 tet
1109 2512 1122 2530 ‚
1150 2492 1248 2532 cujus
1269 2491 1403 2537 singula
1429 2492 1537 2530 latera
1564 2491 1644 2527 sunt
1676 2491 1717 2526 ad
1743 2489 1934 2541 quadrage-

1034 2549 1097 2571 nos
1110 2536 1212 2583 pedes
1230 2535 1412 2583 protensa,
1430 2545 1573 2584 totaque
1588 2536 1649 2579 sub
1675 2536 1734 2571 dio
1747 2557 1758 2574 ‚
1780 2537 1933 2580 appella·

1031 2591 1135 2628 taque
1155 2583 1202 2625 eit
1239 2581 1389 2618 olearum
1414 2581 1528 2616 horti:
1559 2593 1711 2629 namque
1733 2580 1872 2616 conlirae
1887 2582 1932 2614 il-

1029 2628 1076 2663 lic
1098 2627 1183 2660 alias
1208 2625 1305 2665 fuere
1319 2627 1422 2666 oleae,
1447 2639 1534 2671 quas
1559 2639 1622 2662 nos
1642 2626 1800 2661 vidimus
1816 2625 1930 2660 ,Illud'

1027 2684 1167 2719 quoque
1196 2671 1419 2711 referendum
1447 2671 1495 2708 est
1521 2686 1530 2706 z
1554 2676 1614 2719 qui
1642 2682 1796 2717 namque
1823 2670 1929 2705 sacel-

70 2721 143 2754 -luti
167 2719 340 2752 vexillum
368 2719 587 2752 comitantur
611 2730 620 2751 :
641 2727 746 2762 atque
765 2716 894 2761 singuli
929 2729 1007 2770 c-F
1026 2720 1103 2752 lum
1128 2707 1273 2763 privum
1297 2715 1360 2750 fibi
1381 2716 1514 2764 suisque
1541 2718 1687 2752 condere
1709 2719 1926 2758 cupit‚eum

73 2765 214 2800 mnium
243 2761 411 2797 ordinum
437 2762 565 2798 horum
579 2761 764 2798 candelam
789 2760 968 2797 accensam

70 2817 199 2854 gerunt
215 2821 226 2848 3
240 2807 431 2853 sequuntur
456 2807 562 2844 funus
576 2811 735 2854 primum
756 2805 877 2847 affines
889 2807 969 2854 pul-

76 2855 138 2888 lati
160 2864 281 2887 ornnes
307 2873 318 2892 ‚
344 2853 452 2887 iidem
467 2852 546 2888 bini
573 2852 772 2898 gradientes
801 2854 967 2898 plorant:

72 2901 122 2930 eis
146 2900 250 2932 amici
278 2901 489 2937 catervatim
512 2902 682 2934 comitem
708 2898 967 2942 praestant3ve-

73 2944 171 2978 hitur
190 2941 295 2978 funus
321 2942 361 2976 ad
387 2943 567 2981 basilicam
590 2942 705 2978 sacelli
733 2942 786 2977 sui
813 2964 823 2981 ‚
861 2953 967 2989 atque

73 2988 113 3021 in
141 2997 178 3019 ea
194 2988 305 3022 media
327 2988 493 3032 capulum
505 2988 733 3026 demittitur,
756 2988 967 3023 collocatur-

70 3044 138 3077 que
166 3033 204 3065 in
228 3033 354 3066 mediis
367 3033 666 3069 castellaminibus
683 3058 692 3068 .
717 3033 965 3068 castellnmina

69 3084 192 3112 autem
218 3074 260 3109 ad
285 3077 321 3111 id
345 3088 558 3114 extruuntur
583 3079 649 3114 hoc
675 3079 797 3124 paeto:
823 3081 965 3122 erigun-

70 3130 128 3155 tur·
153 3122 305 3166 quatuor
332 3124 430 3168 tigna
443 3124 556 3157 veluti
579 3124 684 3170 pilae,
710 3122 846 3168 fingula
875 3123 963 3158 senis

69 3165 215 3213 pedibus
231 3167 300 3199 alta
314 3188 325 3205 ‚
353 3178 505 3211 quorum
516 3167 601 3203 bina
627 3166 645 3201 a
673 3168 818 3214 reliquis
833 3168 961 3203 distant

64 3212 123 3248 sex
147 3209 253 3244 denes
277 3211 378 3256 pedes
413 3223 425 3252 3
449 3211 616 3252 binorum
636 3225 719 3248 vero
747 3214 899 3249 alterum
914 3213 958 3247 ab

65 3258 175 3292 altero
200 3254 345 3300 pedibus
368 3256 520 3295 oetenis,
544 3259 596 3293 his
629 3256 779 3291 insident
805 3268 956 3304 quatuor

65 3303 243 3345 triangula
268 3313 311 3336 ex
326 3301 451 3345 tigillis
468 3303 658 3337 construela
673 3324 683 3341 ‚
705 3302 801 3336 binis
830 3304 956 3349 tigillis

63 3347 201 3392 fingula
227 3348 404 3393 triangula
428 3344 647 3391 faiiigiantia
671 3347 867 3395 angulum?
893 3360 955 3396 per

1027 2771 1165 2809 oportet
1193 2775 1265 2797 non
1302 2763 1399 2806 prius
1425 2762 1617 2802 restruere,
1643 2774 1749 2808 quam
1775 2763 1923 2796 mercari

1025 2809 1152 2886 locui-2
1165 2805 1181 2841 a
1193 2806 1361 2853 praefeStis
1384 2806 1530 2842 bafilicae
1546 2831 1557 2848 ‚
1584 2810 1640 2843 vel
1669 2806 1828 2853 episcopo
1842 2829 1852 2844 ‚
1868 2807 1925 2840 vei

1025 2856 1121 2888 Sacer
1150 2853 1291 2890 otibus‚
1314 2861 1418 2897 atque
1441 2862 1602 2899 praeterea
1627 2864 1714 2900 opus
1739 2851 1787 2885 est
1811 2851 1926 2895 trade-

1022 2910 1059 2933 re
1082 2895 1177 2932 edito
1193 2896 1314 2932 sacello
1337 2908 1460 2941 agrum
1473 2897 1601 2933 aedesve
1626 2897 1691 2932 sub
1715 2896 1856 2932 diritias
1870 2910 1921 2931 re-

1021 2942 1228 2986 dititiasque
1242 2965 1252 2982 ‚
1278 2952 1318 2977 ut
1331 2954 1373 2976 ex
1397 2947 1444 2978 eis
1459 2947 1607 2988 pecunia
1625 2952 1725 2978 tanta
1752 2943 1921 2976 valeat-e·

1025 2989 1101 3032 xigi
1118 3009 1130 3026 ‚
1157 2999 1232 3035 quae
1252 2987 1380 3028 iustum
1408 2991 1593 3032 praemium
1619 2989 1802 3023 orantibus
1824 2986 1922 3021 statis

1023 3033 1121 3067 horis
1144 3036 1183 3067 in
1205 3045 1245 3067 eo
1268 3031 1510 3074 Sacerdotibus
1535 3033 1597 3069 effe
1623 3033 1754 3085 possit3
1778 3035 1921 3067 contin-

1023 3080 1078 3123 git
1101 3080 1300 3124 quinetiam
1329 3099 1340 3116 ‚
1373 3087 1414 3111 ut
1452 3090 1489 3111 ea
1521 3079 1676 3124 poffeffio
1703 3081 1919 3113 amittaturz

1020 3123 1076 3157 vel
1103 3134 1217 3168 quum
1241 3121 1378 3158 domini
1409 3120 1547 3158 familia
1574 3127 1800 3169 extinguitur
1823 3145 1835 3162 ‚
1861 3125 1919 3158 vel

1018 3165 1225 3202 obscuratur
1251 3166 1334 3201 adeo
1351 3189 1361 3205 ‚
1386 3176 1428 3201 ut
1454 3169 1574 3203 nullus
1599 3171 1703 3205 haeres
1725 3177 1916 3213 appareat,

1018 3211 1249 3257 quamobrem
1283 3214 1415 3246 iterum
1448 3211 1466 3246 ὲ
1494 3214 1654 3259 praefeC-‘to
1678 3214 1846 3249 venditur
1870 3211 1918 3246 sa-

1013 3258 1166 3291 cellum:
1196 3256 1375 3292 interdurn
1400 3270 1484 3297 vero
1509 3259 1626 3305 ipsum
1649 3260 1755 3294 haeres
1776 3257 1916 3298 vendit;

1012 3310 1153 3346 emptor
1174 3311 1293 3336 autem
1319 3302 1379 3337 ubi
1408 3302 1516 3338 faSlus
1537 3305 1582 3339 est
1606 3305 1722 3340 sacelli
1749 3303 1915 3337 dominus

1010 3346 1132 3382 statim
1152 3354 1310 3396 tempore
1344 3347 1464 3430 foffanF1
1492 3359 1666 3399 expurgat
1699 3351 1855 3386 eximens
1880 3350 1912 3382 δε

1508 3407 1529 3431 2
1801 3400 1870 3432 ter-5
