<?xml version="1.0" encoding="UTF-8"?>
<!DOCTYPE html PUBLIC "-//W3C//DTD XHTML 1.0 Transitional//EN"
    "http://www.w3.org/TR/xhtml1/DTD/xhtml1-transitional.dtd">
<html xmlns="http://www.w3.org/1999/xhtml" xml:lang="en" lang="en">
 <head>
  <title>
</title>
<meta http-equiv="Content-Type" content="text/html;charset=utf-8" />
  <meta name='ocr-system' content='tesseract 3.04.00' />
  <meta name='ocr-capabilities' content='ocr_page ocr_carea ocr_par ocr_line ocrx_word'/>
</head>
<body>
  <div class='ocr_page' id='page_1' title='image "./delectusscriptor00gior_0267.png"; bbox 0 0 2404 3882; ppageno 0'>
   <div class='ocr_carea' id='block_1_1' title="bbox 0 2982 806 3033">
    <p class='ocr_par' dir='ltr' id='par_1_1' title="bbox 0 2982 806 3033">
     <span class='ocr_line' id='line_1_1' title="bbox 0 2982 806 3033; baseline 0.001 -14"><span class='ocrx_word' id='word_1_1' title='bbox 0 3015 7 3024; x_wconf 81' lang='grc'><strong>,</strong></span> <span class='ocrx_word' id='word_1_2' title='bbox 32 3028 33 3031; x_wconf 12' lang='lat'>¹</span> <span class='ocrx_word' id='word_1_3' title='bbox 85 2983 175 3019; x_wconf 74' lang='lat' dir='ltr'>stum</span> <span class='ocrx_word' id='word_1_4' title='bbox 196 2982 265 3024; x_wconf 82' lang='lat' dir='ltr'>fuit</span> <span class='ocrx_word' id='word_1_5' title='bbox 291 2987 476 3032; x_wconf 66' lang='lat' dir='ltr'>puellum,</span> <span class='ocrx_word' id='word_1_6' title='bbox 500 2998 572 3033; x_wconf 87' lang='lat' dir='ltr'>quo</span> <span class='ocrx_word' id='word_1_7' title='bbox 589 2986 630 3019; x_wconf 90' lang='lat' dir='ltr'>de</span> <span class='ocrx_word' id='word_1_8' title='bbox 644 2996 806 3030; x_wconf 75' lang='lat' dir='ltr'>agimus:</span> 
     </span>
    </p>
   </div>
   <div class='ocr_carea' id='block_1_2' title="bbox 9 749 954 847">
    <p class='ocr_par' dir='ltr' id='par_1_2' title="bbox 9 749 954 847">
     <span class='ocr_line' id='line_1_2' title="bbox 9 749 692 795; baseline -0.001 -12"><span class='ocrx_word' id='word_1_9' title='bbox 9 785 12 793; x_wconf 30' lang='lat'>⁸</span> <span class='ocrx_word' id='word_1_10' title='bbox 57 764 89 791; x_wconf 63' lang='grc' dir='ltr'><em>η</em></span> <span class='ocrx_word' id='word_1_11' title='bbox 109 753 180 788; x_wconf 73' lang='lat' dir='ltr'>dolo</span> <span class='ocrx_word' id='word_1_12' title='bbox 191 752 357 795; x_wconf 80' lang='lat' dir='ltr'>superare</span> <span class='ocrx_word' id='word_1_13' title='bbox 383 749 657 784; x_wconf 75' lang='lat' dir='ltr'>contenderimus</span> <span class='ocrx_word' id='word_1_14' title='bbox 681 772 692 782; x_wconf 88' lang='lat'><strong><em>.</em></strong></span> 
     </span>
     <span class='ocr_line' id='line_1_3' title="bbox 10 787 954 847; baseline -0.01 -13"><span class='ocrx_word' id='word_1_15' title='bbox 10 808 11 813; x_wconf 61' lang='lat'>¹</span> <span class='ocrx_word' id='word_1_16' title='bbox 53 800 165 847; x_wconf 66' lang='lat' dir='ltr'>literis</span> <span class='ocrx_word' id='word_1_17' title='bbox 201 795 297 831; x_wconf 63' lang='lat' dir='ltr'>leeris</span> <span class='ocrx_word' id='word_1_18' title='bbox 321 817 334 834; x_wconf 85' lang='lat'>‚</span> <span class='ocrx_word' id='word_1_19' title='bbox 358 795 539 830; x_wconf 82' lang='lat' dir='ltr'>medicum</span> <span class='ocrx_word' id='word_1_20' title='bbox 578 794 714 830; x_wconf 81' lang='lat' dir='ltr'>sceleris</span> <span class='ocrx_word' id='word_1_21' title='bbox 746 787 954 828; x_wconf 64' lang='lat' dir='ltr'>&#39;convietum</span> 
     </span>
    </p>
   </div>
   <div class='ocr_carea' id='block_1_3' title="bbox 57 1021 781 1071">
    <p class='ocr_par' dir='ltr' id='par_1_3' title="bbox 11 1012 781 1071">
     <span class='ocr_line' id='line_1_4' title="bbox 57 1021 781 1071; baseline 0.004 -13.821"><span class='ocrx_word' id='word_1_22' title='bbox 57 1027 132 1065; x_wconf 62' lang='lat' dir='ltr'>flss&#39;li</span> <span class='ocrx_word' id='word_1_23' title='bbox 159 1024 303 1071; x_wconf 81' lang='lat' dir='ltr'>suscepti</span> <span class='ocrx_word' id='word_1_24' title='bbox 331 1023 366 1058; x_wconf 89' lang='lat' dir='ltr'>id</span> <span class='ocrx_word' id='word_1_25' title='bbox 388 1025 644 1059; x_wconf 84' lang='lat' dir='ltr'>hostimentum</span> <span class='ocrx_word' id='word_1_26' title='bbox 669 1021 750 1058; x_wconf 78' lang='lat' dir='ltr'>effer.</span> <span class='ocrx_word' id='word_1_27' title='bbox 769 1044 781 1060; x_wconf 64' lang='lat'>9</span> 
     </span>
    </p>
   </div>
   <div class='ocr_carea' id='block_1_4' title="bbox 12 1115 460 1165">
    <p class='ocr_par' dir='ltr' id='par_1_4' title="bbox 12 1115 460 1165">
     <span class='ocr_line' id='line_1_5' title="bbox 12 1115 460 1165; baseline -0.011 -12"><span class='ocrx_word' id='word_1_28' title='bbox 12 1131 14 1158; x_wconf 57' lang='grc' dir='ltr'>ᾗ</span> <span class='ocrx_word' id='word_1_29' title='bbox 60 1129 122 1165; x_wconf 86' lang='lat' dir='ltr'>pro</span> <span class='ocrx_word' id='word_1_30' title='bbox 143 1127 226 1161; x_wconf 86' lang='lat' dir='ltr'>pace</span> <span class='ocrx_word' id='word_1_31' title='bbox 250 1115 425 1152; x_wconf 80' lang='lat' dir='ltr'>firmanda</span> <span class='ocrx_word' id='word_1_32' title='bbox 450 1139 460 1148; x_wconf 91' lang='lat'>.</span> 
     </span>
    </p>
   </div>
   <div class='ocr_carea' id='block_1_5' title="bbox 18 1707 371 1755">
    <p class='ocr_par' dir='ltr' id='par_1_5' title="bbox 18 1707 371 1755">
     <span class='ocr_line' id='line_1_6' title="bbox 18 1707 371 1755; baseline 0 -13"><span class='ocrx_word' id='word_1_33' title='bbox 18 1718 19 1721; x_wconf 77' lang='grc'>’</span> <span class='ocrx_word' id='word_1_34' title='bbox 67 1707 226 1744; x_wconf 69' lang='lat' dir='ltr'>Secunda</span> <span class='ocrx_word' id='word_1_35' title='bbox 250 1709 371 1755; x_wconf 65' lang='lat' dir='ltr'>Pyrrhi</span> 
     </span>
    </p>
   </div>
   <div class='ocr_carea' id='block_1_6' title="bbox 105 253 184 300">
    <p class='ocr_par' dir='ltr' id='par_1_6' title="bbox 105 253 184 300">
     <span class='ocr_line' id='line_1_7' title="bbox 105 253 184 300; baseline 0.025 -2"><span class='ocrx_word' id='word_1_36' title='bbox 105 253 184 300; x_wconf 75' lang='lat'>489</span> 
     </span>
    </p>
   </div>
   <div class='ocr_carea' id='block_1_7' title="bbox 49 335 420 382">
    <p class='ocr_par' dir='ltr' id='par_1_7' title="bbox 49 335 420 382">
     <span class='ocr_line' id='line_1_8' title="bbox 49 335 420 382; baseline -0.019 -3"><span class='ocrx_word' id='word_1_37' title='bbox 49 343 143 382; x_wconf 74' lang='lat' dir='ltr'>verso</span> <span class='ocrx_word' id='word_1_38' title='bbox 161 342 257 375; x_wconf 84' lang='lat' dir='ltr'>datas</span> <span class='ocrx_word' id='word_1_39' title='bbox 281 335 385 373; x_wconf 79' lang='lat' dir='ltr'>refert</span> <span class='ocrx_word' id='word_1_40' title='bbox 411 350 420 372; x_wconf 70' lang='grc' dir='ltr'><strong>ε</strong></span> 
     </span>
    </p>
   </div>
   <div class='ocr_carea' id='block_1_8' title="bbox 53 429 952 476">
    <p class='ocr_par' dir='ltr' id='par_1_8' title="bbox 53 429 952 476">
     <span class='ocr_line' id='line_1_9' title="bbox 53 429 952 476; baseline -0.01 -4"><span class='ocrx_word' id='word_1_41' title='bbox 53 443 169 472; x_wconf 73' lang='lat' dir='ltr'>corum</span> <span class='ocrx_word' id='word_1_42' title='bbox 188 455 200 470; x_wconf 85' lang='lat'>‚</span> <span class='ocrx_word' id='word_1_43' title='bbox 222 442 327 475; x_wconf 78' lang='lat' dir='ltr'>neque</span> <span class='ocrx_word' id='word_1_44' title='bbox 353 429 494 473; x_wconf 80' lang='lat' dir='ltr'>hostium</span> <span class='ocrx_word' id='word_1_45' title='bbox 506 431 717 474; x_wconf 78' lang='lat' dir='ltr'>fortunatus</span> <span class='ocrx_word' id='word_1_46' title='bbox 742 433 952 476; x_wconf 82' lang='lat' dir='ltr'>existimator</span> 
     </span>
    </p>
   </div>
   <div class='ocr_carea' id='block_1_9' title="bbox 8 476 951 530">
    <p class='ocr_par' dir='ltr' id='par_1_9' title="bbox 8 476 951 530">
     <span class='ocr_line' id='line_1_10' title="bbox 8 476 951 530; baseline -0.008 -15"><span class='ocrx_word' id='word_1_47' title='bbox 8 515 9 519; x_wconf 68' lang='grc'>,</span> <span class='ocrx_word' id='word_1_48' title='bbox 55 481 107 530; x_wconf 73' lang='lat' dir='ltr'>‘ff‘</span> <span class='ocrx_word' id='word_1_49' title='bbox 127 478 254 514; x_wconf 77' lang='lat' dir='ltr'>videris</span> <span class='ocrx_word' id='word_1_50' title='bbox 278 499 289 517; x_wconf 91' lang='lat'>‚</span> <span class='ocrx_word' id='word_1_51' title='bbox 310 487 390 510; x_wconf 81' lang='lat' dir='ltr'>cum</span> <span class='ocrx_word' id='word_1_52' title='bbox 410 477 497 510; x_wconf 84' lang='lat' dir='ltr'>banc</span> <span class='ocrx_word' id='word_1_53' title='bbox 522 477 692 521; x_wconf 81' lang='lat' dir='ltr'>epistolam</span> <span class='ocrx_word' id='word_1_54' title='bbox 717 476 764 510; x_wconf 77' lang='lat' dir='ltr'>ad</span> <span class='ocrx_word' id='word_1_55' title='bbox 785 488 843 511; x_wconf 74' lang='lat' dir='ltr'>nor</span> <span class='ocrx_word' id='word_1_56' title='bbox 869 477 951 518; x_wconf 84' lang='lat' dir='ltr'>mi]-</span> 
     </span>
    </p>
   </div>
   <div class='ocr_carea' id='block_1_10' title="bbox 49 521 952 784">
    <p class='ocr_par' dir='ltr' id='par_1_10' title="bbox 49 521 952 784">
     <span class='ocr_line' id='line_1_11' title="bbox 49 521 951 574; baseline -0.006 -17"><span class='ocrx_word' id='word_1_57' title='bbox 49 533 124 574; x_wconf 65' lang='lat' dir='ltr'>qu</span> <span class='ocrx_word' id='word_1_58' title='bbox 147 525 285 568; x_wconf 66' lang='lat' dir='ltr'>legeris,</span> <span class='ocrx_word' id='word_1_59' title='bbox 310 530 390 555; x_wconf 83' lang='lat' dir='ltr'>tum</span> <span class='ocrx_word' id='word_1_60' title='bbox 407 525 498 565; x_wconf 81' lang='lat' dir='ltr'>satis</span> <span class='ocrx_word' id='word_1_61' title='bbox 519 524 682 565; x_wconf 73' lang='lat' dir='ltr'><em>cognosces</em></span> <span class='ocrx_word' id='word_1_62' title='bbox 711 531 744 555; x_wconf 86' lang='lat' dir='ltr'>te</span> <span class='ocrx_word' id='word_1_63' title='bbox 767 523 860 557; x_wconf 82' lang='lat' dir='ltr'>bonis</span> <span class='ocrx_word' id='word_1_64' title='bbox 872 521 951 568; x_wconf 83' lang='lat' dir='ltr'>qui-</span> 
     </span>
     <span class='ocr_line' id='line_1_12' title="bbox 54 567 951 611; baseline -0.009 -6"><span class='ocrx_word' id='word_1_65' title='bbox 54 573 128 611; x_wconf 60' lang='lat' dir='ltr'>dem</span> <span class='ocrx_word' id='word_1_66' title='bbox 152 569 195 606; x_wconf 62' lang='grc' dir='ltr'>ὠ·</span> <span class='ocrx_word' id='word_1_67' title='bbox 215 568 307 609; x_wconf 72' lang='lat' dir='ltr'>justis</span> <span class='ocrx_word' id='word_1_68' title='bbox 330 571 420 602; x_wconf 67' lang='lat' dir='ltr'>virts</span> <span class='ocrx_word' id='word_1_69' title='bbox 442 567 567 602; x_wconf 78' lang='lat' dir='ltr'>bellum</span> <span class='ocrx_word' id='word_1_70' title='bbox 588 568 713 611; x_wconf 71' lang='lat' dir='ltr'>infhrre</span> <span class='ocrx_word' id='word_1_71' title='bbox 739 589 751 606; x_wconf 83' lang='grc'><strong>.</strong></span> <span class='ocrx_word' id='word_1_72' title='bbox 786 570 822 601; x_wconf 83' lang='lat' dir='ltr'>in</span> <span class='ocrx_word' id='word_1_73' title='bbox 842 567 951 600; x_wconf 76' lang='lat' dir='ltr'>malis</span> 
     </span>
     <span class='ocr_line' id='line_1_13' title="bbox 55 612 951 656; baseline -0.007 -7"><span class='ocrx_word' id='word_1_74' title='bbox 55 614 185 654; x_wconf 65' lang='lat' dir='ltr'>verb&amp;</span> <span class='ocrx_word' id='word_1_75' title='bbox 207 613 334 656; x_wconf 72' lang='lat' dir='ltr'>injustis</span> <span class='ocrx_word' id='word_1_76' title='bbox 355 613 515 655; x_wconf 70' lang='lat' dir='ltr'>confidere</span> <span class='ocrx_word' id='word_1_77' title='bbox 530 637 538 645; x_wconf 83' lang='lat'>.</span> <span class='ocrx_word' id='word_1_78' title='bbox 567 615 646 646; x_wconf 79' lang='lat' dir='ltr'>Haec</span> <span class='ocrx_word' id='word_1_79' title='bbox 670 621 786 647; x_wconf 81' lang='lat' dir='ltr'>autem</span> <span class='ocrx_word' id='word_1_80' title='bbox 809 622 873 645; x_wconf 86' lang='lat' dir='ltr'>non</span> <span class='ocrx_word' id='word_1_81' title='bbox 895 612 951 644; x_wconf 83' lang='lat' dir='ltr'>tui</span> 
     </span>
     <span class='ocr_line' id='line_1_14' title="bbox 53 657 951 711; baseline -0.009 -15"><span class='ocrx_word' id='word_1_82' title='bbox 53 665 167 711; x_wconf 75' lang='lat' dir='ltr'>gratia</span> <span class='ocrx_word' id='word_1_83' title='bbox 193 659 260 692; x_wconf 83' lang='lat' dir='ltr'>tibi</span> <span class='ocrx_word' id='word_1_84' title='bbox 275 657 528 703; x_wconf 66' lang='lat' dir='ltr'>fignficamus,</span> <span class='ocrx_word' id='word_1_85' title='bbox 541 658 601 701; x_wconf 84' lang='lat' dir='ltr'>sed</span> <span class='ocrx_word' id='word_1_86' title='bbox 623 672 662 692; x_wconf 70' lang='lat' dir='ltr'>ne</span> <span class='ocrx_word' id='word_1_87' title='bbox 689 669 781 692; x_wconf 72' lang='lat' dir='ltr'>mors·</span> <span class='ocrx_word' id='word_1_88' title='bbox 807 666 870 691; x_wconf 83' lang='lat' dir='ltr'>tua</span> <span class='ocrx_word' id='word_1_89' title='bbox 895 665 951 689; x_wconf 84' lang='lat' dir='ltr'>ca-</span> 
     </span>
     <span class='ocr_line' id='line_1_15' title="bbox 55 704 952 751; baseline -0.008 -10"><span class='ocrx_word' id='word_1_90' title='bbox 55 709 226 748; x_wconf 81' lang='lat' dir='ltr'><em>lumniam</em></span> <span class='ocrx_word' id='word_1_91' title='bbox 250 704 372 749; x_wconf 77' lang='lat' dir='ltr'>afferat</span> <span class='ocrx_word' id='word_1_92' title='bbox 397 725 410 742; x_wconf 82' lang='lat'>‚</span> <span class='ocrx_word' id='word_1_93' title='bbox 427 704 523 751; x_wconf 77' lang='lat' dir='ltr'>quast</span> <span class='ocrx_word' id='word_1_94' title='bbox 547 706 682 738; x_wconf 85' lang='lat' dir='ltr'>virtute</span> <span class='ocrx_word' id='word_1_95' title='bbox 707 705 952 750; x_wconf 84' lang='lat' dir='ltr'><em>nequiremus,</em></span> 
     </span>
     <span class='ocr_line' id='line_1_16' title="bbox 719 748 952 784; baseline -0.017 0"><span class='ocrx_word' id='word_1_96' title='bbox 719 748 870 784; x_wconf 84' lang='lat' dir='ltr'>Pvrrhus</span> <span class='ocrx_word' id='word_1_97' title='bbox 896 748 952 781; x_wconf 90' lang='lat' dir='ltr'>his</span> 
     </span>
    </p>
   </div>
   <div class='ocr_carea' id='block_1_11' title="bbox 326 238 1612 305">
    <p class='ocr_par' dir='ltr' id='par_1_11' title="bbox 326 238 1612 305">
     <span class='ocr_line' id='line_1_17' title="bbox 326 238 1612 305; baseline -0.005 -19"><span class='ocrx_word' id='word_1_98' title='bbox 326 245 406 286; x_wconf 88' lang='lat' dir='ltr'>DE</span> <span class='ocrx_word' id='word_1_99' title='bbox 423 244 731 305; x_wconf 78' lang='lat' dir='ltr'>ANTIQUT.</span> <span class='ocrx_word' id='word_1_100' title='bbox 745 243 817 286; x_wconf 87' lang='grc' dir='ltr'>ΕΤ</span> <span class='ocrx_word' id='word_1_101' title='bbox 832 242 1015 286; x_wconf 79' lang='lat' dir='ltr'>VARIA</span> <span class='ocrx_word' id='word_1_102' title='bbox 1035 239 1291 284; x_wconf 83' lang='lat' dir='ltr'>TARENT.</span> <span class='ocrx_word' id='word_1_103' title='bbox 1304 238 1612 283; x_wconf 82' lang='lat' dir='ltr'>FORTUNA.</span> 
     </span>
    </p>
   </div>
   <div class='ocr_carea' id='block_1_12' title="bbox 6 332 1906 433">
    <p class='ocr_par' dir='ltr' id='par_1_12' title="bbox 6 332 1906 433">
     <span class='ocr_line' id='line_1_18' title="bbox 447 332 1906 388; baseline -0.007 -14"><span class='ocrx_word' id='word_1_104' title='bbox 447 343 477 374; x_wconf 83' lang='lat' dir='ltr'>C.</span> <span class='ocrx_word' id='word_1_105' title='bbox 503 339 681 375; x_wconf 79' lang='lat' dir='ltr'>Fabricius</span> <span class='ocrx_word' id='word_1_106' title='bbox 707 361 719 378; x_wconf 93' lang='lat'>,</span> <span class='ocrx_word' id='word_1_107' title='bbox 755 341 797 376; x_wconf 70' lang='grc' dir='ltr'>ἀ·</span> <span class='ocrx_word' id='word_1_108' title='bbox 815 337 986 388; x_wconf 68' lang='lat' dir='ltr'><em>QA²·A</em></span> <span class='ocrx_word' id='word_1_109' title='bbox 1000 334 1047 371; x_wconf 89' lang='lat' dir='ltr'>set</span> <span class='ocrx_word' id='word_1_110' title='bbox 1072 334 1243 372; x_wconf 80' lang='lat' dir='ltr'>Asculum</span> <span class='ocrx_word' id='word_1_111' title='bbox 1272 336 1391 369; x_wconf 85' lang='lat' dir='ltr'>Piceni</span> <span class='ocrx_word' id='word_1_112' title='bbox 1419 335 1588 380; x_wconf 80' lang='lat' dir='ltr'>appellari</span> <span class='ocrx_word' id='word_1_113' title='bbox 1615 355 1627 372; x_wconf 90' lang='lat'>,</span> <span class='ocrx_word' id='word_1_114' title='bbox 1653 334 1734 379; x_wconf 86' lang='lat' dir='ltr'>quia</span> <span class='ocrx_word' id='word_1_115' title='bbox 1758 336 1789 367; x_wconf 75' lang='lat' dir='ltr'>Sc</span> <span class='ocrx_word' id='word_1_116' title='bbox 1815 332 1906 367; x_wconf 90' lang='lat' dir='ltr'>Peli-</span> 
     </span>
     <span class='ocr_line' id='line_1_19' title="bbox 6 383 946 433; baseline -0.007 -10"><span class='ocrx_word' id='word_1_117' title='bbox 6 422 10 432; x_wconf 69' lang='lat'>,</span> <span class='ocrx_word' id='word_1_118' title='bbox 51 393 170 430; x_wconf 70' lang='lat' dir='ltr'>mjlius</span> <span class='ocrx_word' id='word_1_119' title='bbox 193 384 264 432; x_wconf 80' lang='lat' dir='ltr'>Coffl</span> <span class='ocrx_word' id='word_1_120' title='bbox 282 383 407 431; x_wconf 64' lang='lat' dir='ltr'>Pyrrho</span> <span class='ocrx_word' id='word_1_121' title='bbox 430 388 504 431; x_wconf 73' lang='lat' dir='ltr'>Regi</span> <span class='ocrx_word' id='word_1_122' title='bbox 519 385 693 427; x_wconf 83' lang='lat' dir='ltr'>salutem.</span> <span class='ocrx_word' id='word_1_123' title='bbox 719 387 832 433; x_wconf 84' lang='lat' dir='ltr'><em>Neque</em></span> <span class='ocrx_word' id='word_1_124' title='bbox 856 385 946 419; x_wconf 86' lang='lat' dir='ltr'>ami-</span> 
     </span>
    </p>
   </div>
   <div class='ocr_carea' id='block_1_13' title="bbox 1758 252 1846 291">
    <p class='ocr_par' dir='ltr' id='par_1_13' title="bbox 1758 252 1846 291">
     <span class='ocr_line' id='line_1_20' title="bbox 1758 252 1846 291; baseline -0.011 0"><span class='ocrx_word' id='word_1_125' title='bbox 1758 252 1846 291; x_wconf 84' lang='lat'>490</span> 
     </span>
    </p>
   </div>
   <div class='ocr_carea' id='block_1_14' title="bbox 1007 379 1916 837">
    <p class='ocr_par' dir='ltr' id='par_1_14' title="bbox 1007 379 1916 837">
     <span class='ocr_line' id='line_1_21' title="bbox 1505 379 1906 413; baseline -0.012 0"><span class='ocrx_word' id='word_1_126' title='bbox 1505 383 1640 413; x_wconf 84' lang='lat' dir='ltr'>Locum</span> <span class='ocrx_word' id='word_1_127' title='bbox 1666 389 1785 413; x_wconf 84' lang='lat' dir='ltr'>autem</span> <span class='ocrx_word' id='word_1_128' title='bbox 1811 379 1906 412; x_wconf 87' lang='lat' dir='ltr'>hunc</span> 
     </span>
     <span class='ocr_line' id='line_1_22' title="bbox 1009 422 1909 469; baseline -0.016 -2"><span class='ocrx_word' id='word_1_129' title='bbox 1009 429 1112 468; x_wconf 81' lang='lat' dir='ltr'>refert</span> <span class='ocrx_word' id='word_1_130' title='bbox 1132 426 1228 461; x_wconf 85' lang='lat' dir='ltr'>idem</span> <span class='ocrx_word' id='word_1_131' title='bbox 1251 424 1314 460; x_wconf 82' lang='lat' dir='ltr'>esse&#39;</span> <span class='ocrx_word' id='word_1_132' title='bbox 1339 427 1543 459; x_wconf 88' lang='lat' dir='ltr'>munitione</span> <span class='ocrx_word' id='word_1_133' title='bbox 1570 423 1799 469; x_wconf 83' lang='lat' dir='ltr'>praevalidum</span> <span class='ocrx_word' id='word_1_134' title='bbox 1814 445 1826 461; x_wconf 78' lang='lat'><strong><em>‚</em></strong></span> <span class='ocrx_word' id='word_1_135' title='bbox 1849 422 1909 454; x_wconf 84' lang='lat' dir='ltr'>cui</span> 
     </span>
     <span class='ocr_line' id='line_1_23' title="bbox 1008 468 1905 515; baseline -0.01 -7"><span class='ocrx_word' id='word_1_136' title='bbox 1008 482 1038 515; x_wconf 84' lang='lat'>&amp;</span> <span class='ocrx_word' id='word_1_137' title='bbox 1064 484 1186 511; x_wconf 86' lang='lat' dir='ltr'>murus</span> <span class='ocrx_word' id='word_1_138' title='bbox 1207 493 1219 511; x_wconf 84' lang='lat'>,</span> <span class='ocrx_word' id='word_1_139' title='bbox 1258 473 1288 504; x_wconf 88' lang='lat'>&amp;</span> <span class='ocrx_word' id='word_1_140' title='bbox 1328 469 1582 505; x_wconf 79' lang='lat' dir='ltr'>circunstantes</span> <span class='ocrx_word' id='word_1_141' title='bbox 1607 478 1745 502; x_wconf 86' lang='lat' dir='ltr'>montes</span> <span class='ocrx_word' id='word_1_142' title='bbox 1769 468 1905 513; x_wconf 82' lang='lat' dir='ltr'>supere-</span> 
     </span>
     <span class='ocr_line' id='line_1_24' title="bbox 1007 514 1900 561; baseline -0.013 -5"><span class='ocrx_word' id='word_1_143' title='bbox 1007 526 1148 560; x_wconf 78' lang='lat' dir='ltr'>minent</span> <span class='ocrx_word' id='word_1_144' title='bbox 1162 543 1173 553; x_wconf 87' lang='lat'>.</span> <span class='ocrx_word' id='word_1_145' title='bbox 1199 518 1302 553; x_wconf 89' lang='lat' dir='ltr'>Plura</span> <span class='ocrx_word' id='word_1_146' title='bbox 1323 516 1365 550; x_wconf 89' lang='lat' dir='ltr'>de</span> <span class='ocrx_word' id='word_1_147' title='bbox 1389 517 1456 551; x_wconf 90' lang='lat' dir='ltr'>hoc</span> <span class='ocrx_word' id='word_1_148' title='bbox 1475 514 1607 561; x_wconf 87' lang='lat' dir='ltr'>oppido</span> <span class='ocrx_word' id='word_1_149' title='bbox 1630 514 1720 556; x_wconf 74' lang='lat' dir='ltr'>leges</span> <span class='ocrx_word' id='word_1_150' title='bbox 1740 515 1778 546; x_wconf 82' lang='lat' dir='ltr'>iu</span> <span class='ocrx_word' id='word_1_151' title='bbox 1796 516 1900 546; x_wconf 70' lang='grc' dir='ltr'>Βίου-</span> 
     </span>
     <span class='ocr_line' id='line_1_25' title="bbox 1008 560 1909 605; baseline -0.017 -1"><span class='ocrx_word' id='word_1_152' title='bbox 1008 570 1044 604; x_wconf 88' lang='lat' dir='ltr'>di</span> <span class='ocrx_word' id='word_1_153' title='bbox 1072 566 1202 601; x_wconf 86' lang='lat' dir='ltr'>Italia.</span> <span class='ocrx_word' id='word_1_154' title='bbox 1230 561 1426 597; x_wconf 77' lang='lat' dir='ltr'>Dicebatur</span> <span class='ocrx_word' id='word_1_155' title='bbox 1453 561 1497 595; x_wconf 91' lang='lat' dir='ltr'>ab</span> <span class='ocrx_word' id='word_1_156' title='bbox 1522 562 1682 605; x_wconf 85' lang='lat' dir='ltr'>antiquis</span> <span class='ocrx_word' id='word_1_157' title='bbox 1707 560 1909 592; x_wconf 75' lang='lat' dir='ltr'>Satrianum</span> 
     </span>
     <span class='ocr_line' id='line_1_26' title="bbox 1010 601 1911 652; baseline -0.017 -4"><span class='ocrx_word' id='word_1_158' title='bbox 1010 611 1183 650; x_wconf 79' lang='lat' dir='ltr'>Asculum</span> <span class='ocrx_word' id='word_1_159' title='bbox 1207 630 1220 647; x_wconf 84' lang='lat'>,</span> <span class='ocrx_word' id='word_1_160' title='bbox 1255 609 1286 642; x_wconf 72' lang='grc' dir='ltr'>δε</span> <span class='ocrx_word' id='word_1_161' title='bbox 1313 608 1450 643; x_wconf 80' lang='lat' dir='ltr'>Plinius</span> <span class='ocrx_word' id='word_1_162' title='bbox 1480 606 1634 652; x_wconf 83' lang='lat' dir='ltr'>appellat</span> <span class='ocrx_word' id='word_1_163' title='bbox 1657 601 1911 638; x_wconf 83' lang='lat' dir='ltr'>nobiliffimam</span> 
     </span>
     <span class='ocr_line' id='line_1_27' title="bbox 1008 647 1906 699; baseline -0.016 -7"><span class='ocrx_word' id='word_1_164' title='bbox 1008 659 1130 696; x_wconf 88' lang='lat' dir='ltr'>Piceni</span> <span class='ocrx_word' id='word_1_165' title='bbox 1148 655 1340 688; x_wconf 86' lang='lat' dir='ltr'>Coloniam</span> <span class='ocrx_word' id='word_1_166' title='bbox 1364 655 1403 687; x_wconf 90' lang='lat' dir='ltr'>in</span> <span class='ocrx_word' id='word_1_167' title='bbox 1424 665 1462 687; x_wconf 89' lang='lat' dir='ltr'>ea</span> <span class='ocrx_word' id='word_1_168' title='bbox 1485 662 1629 699; x_wconf 79' lang='lat' dir='ltr'>pugna,</span> <span class='ocrx_word' id='word_1_169' title='bbox 1655 661 1731 695; x_wconf 78' lang='lat' dir='ltr'>quae</span> <span class='ocrx_word' id='word_1_170' title='bbox 1759 648 1800 682; x_wconf 82' lang='lat' dir='ltr'>ad</span> <span class='ocrx_word' id='word_1_171' title='bbox 1815 647 1906 680; x_wconf 70' lang='lat' dir='ltr'>hanc</span> 
     </span>
     <span class='ocr_line' id='line_1_28' title="bbox 1007 688 1910 745; baseline -0.017 -6"><span class='ocrx_word' id='word_1_172' title='bbox 1007 706 1145 741; x_wconf 84' lang='lat' dir='ltr'>Urbem</span> <span class='ocrx_word' id='word_1_173' title='bbox 1167 708 1281 745; x_wconf 78' lang='lat' dir='ltr'>coepta</span> <span class='ocrx_word' id='word_1_174' title='bbox 1308 699 1352 733; x_wconf 80' lang='lat' dir='ltr'>est</span> <span class='ocrx_word' id='word_1_175' title='bbox 1381 697 1458 733; x_wconf 81' lang='lat' dir='ltr'>fieri</span> <span class='ocrx_word' id='word_1_176' title='bbox 1485 719 1496 737; x_wconf 96' lang='lat'>,</span> <span class='ocrx_word' id='word_1_177' title='bbox 1534 694 1735 740; x_wconf 87' lang='lat' dir='ltr'>compulsus</span> <span class='ocrx_word' id='word_1_178' title='bbox 1772 697 1845 728; x_wconf 79' lang='lat' dir='ltr'>Rex</span> <span class='ocrx_word' id='word_1_179' title='bbox 1867 688 1910 723; x_wconf 77' lang='lat' dir='ltr'>ad·</span> 
     </span>
     <span class='ocr_line' id='line_1_29' title="bbox 1009 740 1914 794; baseline -0.021 -7"><span class='ocrx_word' id='word_1_180' title='bbox 1009 753 1085 787; x_wconf 83' lang='lat' dir='ltr'>loca</span> <span class='ocrx_word' id='word_1_181' title='bbox 1110 745 1251 794; x_wconf 74' lang='lat' dir='ltr'>aspera,</span> <span class='ocrx_word' id='word_1_182' title='bbox 1277 747 1309 779; x_wconf 85' lang='lat'>&amp;</span> <span class='ocrx_word' id='word_1_183' title='bbox 1332 744 1465 779; x_wconf 88' lang='lat' dir='ltr'>flumen</span> <span class='ocrx_word' id='word_1_184' title='bbox 1490 755 1595 789; x_wconf 79' lang='lat' dir='ltr'>grave</span> <span class='ocrx_word' id='word_1_185' title='bbox 1614 742 1802 786; x_wconf 86' lang='lat' dir='ltr'>multoque</span> <span class='ocrx_word' id='word_1_186' title='bbox 1825 740 1914 771; x_wconf 83' lang='lat' dir='ltr'>limo</span> 
     </span>
     <span class='ocr_line' id='line_1_30' title="bbox 1009 783 1916 837; baseline -0.019 -7"><span class='ocrx_word' id='word_1_187' title='bbox 1009 794 1194 837; x_wconf 81' lang='lat' dir='ltr'>abundans</span> <span class='ocrx_word' id='word_1_188' title='bbox 1231 813 1243 831; x_wconf 83' lang='lat'>‚</span> <span class='ocrx_word' id='word_1_189' title='bbox 1285 801 1369 826; x_wconf 90' lang='lat' dir='ltr'>cum</span> <span class='ocrx_word' id='word_1_190' title='bbox 1397 790 1587 834; x_wconf 83' lang='lat' dir='ltr'>Elephanti</span> <span class='ocrx_word' id='word_1_191' title='bbox 1612 791 1788 833; x_wconf 83' lang='lat' dir='ltr'>impetum</span> <span class='ocrx_word' id='word_1_192' title='bbox 1813 783 1916 817; x_wconf 90' lang='lat' dir='ltr'>nullo</span> 
     </span>
    </p>
   </div>
   <div class='ocr_carea' id='block_1_15' title="bbox 1006 377 1464 431">
    <p class='ocr_par' dir='ltr' id='par_1_15' title="bbox 1006 377 1464 431">
     <span class='ocr_line' id='line_1_31' title="bbox 1006 377 1464 431; baseline -0.013 -12"><span class='ocrx_word' id='word_1_193' title='bbox 1006 393 1158 431; x_wconf 81' lang='lat' dir='ltr'>gnorum</span> <span class='ocrx_word' id='word_1_194' title='bbox 1175 379 1220 414; x_wconf 87' lang='lat' dir='ltr'>est</span> <span class='ocrx_word' id='word_1_195' title='bbox 1247 377 1418 414; x_wconf 85' lang='lat' dir='ltr'>Asculum</span> <span class='ocrx_word' id='word_1_196' title='bbox 1456 405 1464 413; x_wconf 88' lang='lat'>.</span> 
     </span>
    </p>
   </div>
   <div class='ocr_carea' id='block_1_16' title="bbox 58 828 1915 889">
    <p class='ocr_par' dir='ltr' id='par_1_16' title="bbox 58 828 1915 889">
     <span class='ocr_line' id='line_1_32' title="bbox 58 828 1915 889; baseline -0.01 -8"><span class='ocrx_word' id='word_1_197' title='bbox 58 841 183 889; x_wconf 50' lang='lat' dir='ltr'>(facilc</span> <span class='ocrx_word' id='word_1_198' title='bbox 204 844 303 876; x_wconf 75' lang='lat' dir='ltr'>enim</span> <span class='ocrx_word' id='word_1_199' title='bbox 325 839 362 876; x_wconf 72' lang='lat' dir='ltr'>id</span> <span class='ocrx_word' id='word_1_200' title='bbox 386 837 498 875; x_wconf 75' lang='lat' dir='ltr'>facere</span> <span class='ocrx_word' id='word_1_201' title='bbox 524 849 688 886; x_wconf 88' lang='lat' dir='ltr'>poterat,</span> <span class='ocrx_word' id='word_1_202' title='bbox 713 841 889 885; x_wconf 83' lang='lat' dir='ltr'>quoniam</span> <span class='ocrx_word' id='word_1_203' title='bbox 903 837 988 882; x_wconf 88' lang='lat' dir='ltr'>fi-B</span> <span class='ocrx_word' id='word_1_204' title='bbox 1005 840 1109 879; x_wconf 81' lang='lat' dir='ltr'>modo</span> <span class='ocrx_word' id='word_1_205' title='bbox 1134 838 1300 886; x_wconf 76' lang='lat' dir='ltr'>sustinere</span> <span class='ocrx_word' id='word_1_206' title='bbox 1325 834 1465 883; x_wconf 81' lang='lat' dir='ltr'>possent</span> <span class='ocrx_word' id='word_1_207' title='bbox 1481 856 1492 873; x_wconf 84' lang='lat'><strong><em>‚</em></strong></span> <span class='ocrx_word' id='word_1_208' title='bbox 1517 835 1645 868; x_wconf 88' lang='lat' dir='ltr'>multis</span> <span class='ocrx_word' id='word_1_209' title='bbox 1659 828 1868 866; x_wconf 82' lang='lat' dir='ltr'>vulneribus</span> <span class='ocrx_word' id='word_1_210' title='bbox 1883 829 1915 860; x_wconf 68' lang='grc' dir='ltr'><strong>ὃὸ</strong></span> 
     </span>
    </p>
   </div>
   <div class='ocr_carea' id='block_1_17' title="bbox 56 884 961 1204">
    <p class='ocr_par' dir='ltr' id='par_1_17' title="bbox 56 884 961 1204">
     <span class='ocr_line' id='line_1_33' title="bbox 56 884 945 935; baseline -0.008 -11"><span class='ocrx_word' id='word_1_211' title='bbox 56 892 105 933; x_wconf 65' lang='lat' dir='ltr'>fitis</span> <span class='ocrx_word' id='word_1_212' title='bbox 120 887 170 923; x_wconf 85' lang='lat' dir='ltr'>sui</span> <span class='ocrx_word' id='word_1_213' title='bbox 190 888 314 935; x_wconf 81' lang='lat' dir='ltr'>pocula</span> <span class='ocrx_word' id='word_1_214' title='bbox 340 890 377 922; x_wconf 89' lang='lat' dir='ltr'>in</span> <span class='ocrx_word' id='word_1_215' title='bbox 396 887 567 921; x_wconf 87' lang='lat' dir='ltr'>convivio</span> <span class='ocrx_word' id='word_1_216' title='bbox 583 889 667 931; x_wconf 83' lang='lat' dir='ltr'>Regi</span> <span class='ocrx_word' id='word_1_217' title='bbox 678 884 945 923; x_wconf 85' lang='lat' dir='ltr'>ministrarent)</span> 
     </span>
     <span class='ocr_line' id='line_1_34' title="bbox 58 975 950 1024; baseline -0.007 -10"><span class='ocrx_word' id='word_1_218' title='bbox 58 981 93 1016; x_wconf 83' lang='lat' dir='ltr'>di</span> <span class='ocrx_word' id='word_1_219' title='bbox 115 979 209 1022; x_wconf 80' lang='lat' dir='ltr'>juffit</span> <span class='ocrx_word' id='word_1_220' title='bbox 235 992 244 1012; x_wconf 71' lang='grc' dir='ltr'><strong>ι</strong></span> <span class='ocrx_word' id='word_1_221' title='bbox 274 975 500 1024; x_wconf 89' lang='lat' dir='ltr'>captivosque</span> <span class='ocrx_word' id='word_1_222' title='bbox 526 976 596 1012; x_wconf 84' lang='lat' dir='ltr'>fine</span> <span class='ocrx_word' id='word_1_223' title='bbox 622 980 736 1023; x_wconf 89' lang='lat' dir='ltr'>pretio</span> <span class='ocrx_word' id='word_1_224' title='bbox 752 997 763 1015; x_wconf 89' lang='lat'>,</span> <span class='ocrx_word' id='word_1_225' title='bbox 789 985 829 1010; x_wconf 91' lang='lat' dir='ltr'>ut</span> <span class='ocrx_word' id='word_1_226' title='bbox 844 975 950 1010; x_wconf 87' lang='lat' dir='ltr'>bene·</span> 
     </span>
     <span class='ocr_line' id='line_1_35' title="bbox 820 1019 953 1066; baseline -0.015 -12"><span class='ocrx_word' id='word_1_227' title='bbox 820 1019 953 1066; x_wconf 87' lang='lat' dir='ltr'>populo</span> 
     </span>
     <span class='ocr_line' id='line_1_36' title="bbox 60 1063 950 1115; baseline -0.011 -8"><span class='ocrx_word' id='word_1_228' title='bbox 60 1076 220 1114; x_wconf 59' lang='lat' dir='ltr'>qucino</span> <span class='ocrx_word' id='word_1_229' title='bbox 243 1070 398 1105; x_wconf 84' lang='lat' dir='ltr'>restituit</span> <span class='ocrx_word' id='word_1_230' title='bbox 424 1090 436 1108; x_wconf 89' lang='lat'>,</span> <span class='ocrx_word' id='word_1_231' title='bbox 463 1067 647 1115; x_wconf 77' lang='lat' dir='ltr'>rursusque</span> <span class='ocrx_word' id='word_1_232' title='bbox 672 1070 831 1114; x_wconf 84' lang='lat' dir='ltr'>Cyneam</span> <span class='ocrx_word' id='word_1_233' title='bbox 856 1063 950 1100; x_wconf 76' lang='lat' dir='ltr'>misit</span> 
     </span>
     <span class='ocr_line' id='line_1_37' title="bbox 487 1112 957 1156; baseline -0.015 -7"><span class='ocrx_word' id='word_1_234' title='bbox 487 1118 536 1149; x_wconf 87' lang='lat' dir='ltr'>At</span> <span class='ocrx_word' id='word_1_235' title='bbox 566 1118 714 1149; x_wconf 76' lang='lat' dir='ltr'>Romani</span> <span class='ocrx_word' id='word_1_236' title='bbox 741 1123 806 1148; x_wconf 88' lang='lat' dir='ltr'>nec</span> <span class='ocrx_word' id='word_1_237' title='bbox 829 1112 957 1156; x_wconf 77' lang='lat' dir='ltr'>gratias</span> 
     </span>
     <span class='ocr_line' id='line_1_38' title="bbox 63 1158 961 1204; baseline -0.01 -7"><span class='ocrx_word' id='word_1_238' title='bbox 63 1162 108 1197; x_wconf 89' lang='lat' dir='ltr'>ab</span> <span class='ocrx_word' id='word_1_239' title='bbox 135 1162 227 1197; x_wconf 83' lang='lat' dir='ltr'>hoste</span> <span class='ocrx_word' id='word_1_240' title='bbox 254 1184 266 1202; x_wconf 84' lang='lat'>‚</span> <span class='ocrx_word' id='word_1_241' title='bbox 303 1173 368 1196; x_wconf 88' lang='lat' dir='ltr'>nec</span> <span class='ocrx_word' id='word_1_242' title='bbox 400 1158 596 1195; x_wconf 86' lang='lat' dir='ltr'>mercedem</span> <span class='ocrx_word' id='word_1_243' title='bbox 621 1161 778 1204; x_wconf 84' lang='lat' dir='ltr'>accipere</span> <span class='ocrx_word' id='word_1_244' title='bbox 802 1160 961 1192; x_wconf 85' lang='lat' dir='ltr'>volentes</span> 
     </span>
    </p>
   </div>
   <div class='ocr_carea' id='block_1_18' title="bbox 62 1205 964 1262">
    <p class='ocr_par' dir='ltr' id='par_1_18' title="bbox 62 1205 964 1262">
     <span class='ocr_line' id='line_1_39' title="bbox 62 1205 964 1262; baseline -0.011 -18"><span class='ocrx_word' id='word_1_245' title='bbox 62 1219 182 1262; x_wconf 69' lang='lat' dir='ltr'>parem</span> <span class='ocrx_word' id='word_1_246' title='bbox 204 1209 504 1243; x_wconf 88' lang='lat' dir='ltr'>Tatrentinorum</span> <span class='ocrx_word' id='word_1_247' title='bbox 519 1227 530 1244; x_wconf 91' lang='lat'>,</span> <span class='ocrx_word' id='word_1_248' title='bbox 553 1216 660 1251; x_wconf 85' lang='lat' dir='ltr'>atque</span> <span class='ocrx_word' id='word_1_249' title='bbox 680 1205 884 1238; x_wconf 80' lang='lat' dir='ltr'>Samnitum</span> <span class='ocrx_word' id='word_1_250' title='bbox 907 1212 964 1234; x_wconf 84' lang='lat' dir='ltr'>ca-</span> 
     </span>
    </p>
   </div>
   <div class='ocr_carea' id='block_1_19' title="bbox 2 1248 965 1304">
    <p class='ocr_par' dir='ltr' id='par_1_19' title="bbox 2 1248 965 1304">
     <span class='ocr_line' id='line_1_40' title="bbox 2 1248 965 1304; baseline -0.009 -16"><span class='ocrx_word' id='word_1_251' title='bbox 2 1271 16 1304; x_wconf 41' lang='lat' dir='ltr'><strong>s</strong></span> <span class='ocrx_word' id='word_1_252' title='bbox 64 1264 247 1300; x_wconf 62' lang='lat' dir='ltr'>pavorum</span> <span class='ocrx_word' id='word_1_253' title='bbox 268 1264 461 1288; x_wconf 86' lang='lat' dir='ltr'>numerum</span> <span class='ocrx_word' id='word_1_254' title='bbox 490 1253 619 1298; x_wconf 81' lang='lat' dir='ltr'>Pyrrho</span> <span class='ocrx_word' id='word_1_255' title='bbox 642 1248 875 1284; x_wconf 80' lang='lat' dir='ltr'>remiserunt:</span> <span class='ocrx_word' id='word_1_256' title='bbox 902 1257 965 1280; x_wconf 88' lang='lat' dir='ltr'>ne-</span> 
     </span>
    </p>
   </div>
   <div class='ocr_carea' id='block_1_20' title="bbox 63 1290 962 1344">
    <p class='ocr_par' dir='ltr' id='par_1_20' title="bbox 63 1290 962 1344">
     <span class='ocr_line' id='line_1_41' title="bbox 63 1290 962 1344; baseline -0.008 -11"><span class='ocrx_word' id='word_1_257' title='bbox 63 1309 130 1344; x_wconf 65' lang='lat' dir='ltr'>que</span> <span class='ocrx_word' id='word_1_258' title='bbox 156 1302 255 1334; x_wconf 91' lang='lat' dir='ltr'>enim</span> <span class='ocrx_word' id='word_1_259' title='bbox 285 1297 428 1333; x_wconf 81' lang='lat' dir='ltr'>insidias</span> <span class='ocrx_word' id='word_1_260' title='bbox 467 1297 588 1343; x_wconf 84' lang='lat' dir='ltr'>Pyrrhi</span> <span class='ocrx_word' id='word_1_261' title='bbox 627 1298 741 1342; x_wconf 81' lang='lat' dir='ltr'>gratia</span> <span class='ocrx_word' id='word_1_262' title='bbox 770 1290 962 1329; x_wconf 80' lang='lat' dir='ltr'>indicasse,</span> 
     </span>
    </p>
   </div>
   <div class='ocr_carea' id='block_1_21' title="bbox 66 1473 964 1526">
    <p class='ocr_par' dir='ltr' id='par_1_21' title="bbox 66 1473 964 1526">
     <span class='ocr_line' id='line_1_42' title="bbox 66 1473 964 1526; baseline -0.012 -9"><span class='ocrx_word' id='word_1_263' title='bbox 66 1478 182 1523; x_wconf 67' lang='lat' dir='ltr'>denub</span> <span class='ocrx_word' id='word_1_264' title='bbox 207 1479 440 1525; x_wconf 87' lang='lat' dir='ltr'>permiserunt</span> <span class='ocrx_word' id='word_1_265' title='bbox 453 1502 466 1518; x_wconf 89' lang='lat'>,</span> <span class='ocrx_word' id='word_1_266' title='bbox 491 1476 696 1526; x_wconf 79' lang='lat' dir='ltr'>priusquam</span> <span class='ocrx_word' id='word_1_267' title='bbox 711 1481 785 1512; x_wconf 83' lang='lat' dir='ltr'>Rex</span> <span class='ocrx_word' id='word_1_268' title='bbox 799 1473 867 1521; x_wconf 89' lang='lat' dir='ltr'>ipse</span> <span class='ocrx_word' id='word_1_269' title='bbox 881 1483 964 1508; x_wconf 86' lang='lat' dir='ltr'>cum</span> 
     </span>
    </p>
   </div>
   <div class='ocr_carea' id='block_1_22' title="bbox 16 1524 968 1610">
    <p class='ocr_par' dir='ltr' id='par_1_22' title="bbox 16 1524 968 1610">
     <span class='ocr_line' id='line_1_43' title="bbox 16 1524 968 1572; baseline -0.011 -11"><span class='ocrx_word' id='word_1_270' title='bbox 16 1544 18 1561; x_wconf 79' lang='grc'><strong>;</strong></span> <span class='ocrx_word' id='word_1_271' title='bbox 66 1528 174 1569; x_wconf 75' lang='lat' dir='ltr'>armis</span> <span class='ocrx_word' id='word_1_272' title='bbox 195 1547 208 1565; x_wconf 88' lang='lat'>,</span> <span class='ocrx_word' id='word_1_273' title='bbox 232 1535 336 1572; x_wconf 80' lang='lat' dir='ltr'>atque</span> <span class='ocrx_word' id='word_1_274' title='bbox 361 1527 516 1560; x_wconf 81' lang='lat' dir='ltr'>exercitu</span> <span class='ocrx_word' id='word_1_275' title='bbox 543 1546 555 1563; x_wconf 86' lang='lat'>‚</span> <span class='ocrx_word' id='word_1_276' title='bbox 580 1535 732 1567; x_wconf 89' lang='lat' dir='ltr'>cumque</span> <span class='ocrx_word' id='word_1_277' title='bbox 757 1524 811 1558; x_wconf 90' lang='lat' dir='ltr'>his</span> <span class='ocrx_word' id='word_1_278' title='bbox 830 1543 841 1559; x_wconf 90' lang='lat'>‚</span> <span class='ocrx_word' id='word_1_279' title='bbox 879 1529 968 1565; x_wconf 84' lang='lat' dir='ltr'>quas</span> 
     </span>
     <span class='ocr_line' id='line_1_44' title="bbox 16 1564 968 1610; baseline -0.014 0"><span class='ocrx_word' id='word_1_280' title='bbox 16 1589 19 1610; x_wconf 77' lang='lat' dir='ltr'><strong>z</strong></span> <span class='ocrx_word' id='word_1_281' title='bbox 68 1571 187 1607; x_wconf 81' lang='lat' dir='ltr'>secum</span> <span class='ocrx_word' id='word_1_282' title='bbox 213 1583 254 1607; x_wconf 78' lang='lat' dir='ltr'>ex</span> <span class='ocrx_word' id='word_1_283' title='bbox 275 1574 412 1607; x_wconf 80' lang='lat' dir='ltr'>Graecia</span> <span class='ocrx_word' id='word_1_284' title='bbox 433 1569 583 1606; x_wconf 79' lang='lat' dir='ltr'>duxerat</span> <span class='ocrx_word' id='word_1_285' title='bbox 616 1580 724 1604; x_wconf 85' lang='lat' dir='ltr'>naves</span> <span class='ocrx_word' id='word_1_286' title='bbox 750 1590 762 1609; x_wconf 87' lang='lat'>‚</span> <span class='ocrx_word' id='word_1_287' title='bbox 798 1579 842 1603; x_wconf 74' lang='lat' dir='ltr'>ex</span> <span class='ocrx_word' id='word_1_288' title='bbox 865 1564 968 1600; x_wconf 84' lang='lat' dir='ltr'>Italia</span> 
     </span>
    </p>
   </div>
   <div class='ocr_carea' id='block_1_23' title="bbox 70 1618 288 1662">
    <p class='ocr_par' dir='ltr' id='par_1_23' title="bbox 70 1618 288 1662">
     <span class='ocr_line' id='line_1_45' title="bbox 70 1618 288 1662; baseline 0.005 -9"><span class='ocrx_word' id='word_1_289' title='bbox 70 1618 263 1662; x_wconf 73' lang='lat' dir='ltr'>navigasset</span> <span class='ocrx_word' id='word_1_290' title='bbox 278 1643 288 1654; x_wconf 87' lang='lat'><strong>.</strong></span> 
     </span>
    </p>
   </div>
   <div class='ocr_carea' id='block_1_24' title="bbox 138 1751 908 1881">
    <p class='ocr_par' dir='ltr' id='par_1_24' title="bbox 138 1751 908 1881">
     <span class='ocr_line' id='line_1_46' title="bbox 138 1751 908 1798; baseline 0 -11"><span class='ocrx_word' id='word_1_291' title='bbox 138 1754 326 1798; x_wconf 74' lang='lat' dir='ltr'>Asculum·-</span> <span class='ocrx_word' id='word_1_292' title='bbox 354 1751 542 1796; x_wconf 78' lang='lat' dir='ltr'>accerfitur</span> <span class='ocrx_word' id='word_1_293' title='bbox 561 1753 710 1798; x_wconf 65' lang='lat' dir='ltr'>Pyrrhm</span> <span class='ocrx_word' id='word_1_294' title='bbox 736 1764 755 1786; x_wconf 80' lang='lat' dir='ltr'>a</span> <span class='ocrx_word' id='word_1_295' title='bbox 782 1752 908 1787; x_wconf 83' lang='lat' dir='ltr'>Siculis</span> 
     </span>
     <span class='ocr_line' id='line_1_47' title="bbox 210 1799 841 1847; baseline -0.006 -13"><span class='ocrx_word' id='word_1_296' title='bbox 210 1808 254 1835; x_wconf 84' lang='lat' dir='ltr'>ut</span> <span class='ocrx_word' id='word_1_297' title='bbox 277 1799 545 1847; x_wconf 62' lang='lat' dir='ltr'>Carthaginenses</span> <span class='ocrx_word' id='word_1_298' title='bbox 562 1799 746 1844; x_wconf 75' lang='lat' dir='ltr'>effugaret:</span> <span class='ocrx_word' id='word_1_299' title='bbox 774 1801 841 1831; x_wconf 84' lang='lat' dir='ltr'>Ta-</span> 
     </span>
     <span class='ocr_line' id='line_1_48' title="bbox 288 1844 770 1881; baseline -0.004 0"><span class='ocrx_word' id='word_1_300' title='bbox 288 1856 430 1881; x_wconf 83' lang='lat' dir='ltr'>rentum</span> <span class='ocrx_word' id='word_1_301' title='bbox 454 1844 597 1879; x_wconf 79' lang='lat' dir='ltr'>tandem</span> <span class='ocrx_word' id='word_1_302' title='bbox 620 1855 770 1879; x_wconf 82' lang='lat' dir='ltr'>remeat.</span> 
     </span>
    </p>
   </div>
   <div class='ocr_carea' id='block_1_25' title="bbox 334 1938 711 1974">
    <p class='ocr_par' dir='ltr' id='par_1_25' title="bbox 334 1938 711 1974">
     <span class='ocr_line' id='line_1_49' title="bbox 334 1938 711 1974; baseline -0.005 0"><span class='ocrx_word' id='word_1_303' title='bbox 334 1938 366 1974; x_wconf 91' lang='lat' dir='ltr'>C</span> <span class='ocrx_word' id='word_1_304' title='bbox 415 1940 446 1973; x_wconf 77' lang='lat' dir='ltr'>A</span> <span class='ocrx_word' id='word_1_305' title='bbox 495 1939 535 1971; x_wconf 86' lang='lat' dir='ltr'>P.</span> <span class='ocrx_word' id='word_1_306' title='bbox 625 1938 711 1972; x_wconf 86' lang='lat' dir='ltr'>X11.</span> 
     </span>
    </p>
   </div>
   <div class='ocr_carea' id='block_1_26' title="bbox 20 2019 976 2115">
    <p class='ocr_par' dir='ltr' id='par_1_26' title="bbox 20 2019 976 2115">
     <span class='ocr_line' id='line_1_50' title="bbox 20 2019 976 2115; baseline -0.002 -49"><span class='ocrx_word' id='word_1_307' title='bbox 20 2019 23 2073; x_wconf 30' lang='grc' dir='ltr'>ἶ</span> <span class='ocrx_word' id='word_1_308' title='bbox 76 2032 254 2115; x_wconf 82' lang='lat' dir='ltr'>ANnus</span> <span class='ocrx_word' id='word_1_309' title='bbox 280 2030 435 2067; x_wconf 75' lang='lat' dir='ltr'>secundae</span> <span class='ocrx_word' id='word_1_310' title='bbox 472 2031 577 2071; x_wconf 85' lang='lat' dir='ltr'>hujus</span> <span class='ocrx_word' id='word_1_311' title='bbox 604 2041 732 2074; x_wconf 71' lang='lat' dir='ltr'>pugnae</span> <span class='ocrx_word' id='word_1_312' title='bbox 767 2030 862 2063; x_wconf 75' lang='lat' dir='ltr'>inter</span> <span class='ocrx_word' id='word_1_313' title='bbox 890 2033 976 2076; x_wconf 77' lang='lat' dir='ltr'>Pyr·</span> 
     </span>
    </p>
   </div>
   <div class='ocr_carea' id='block_1_27' title="bbox 77 2075 979 2258">
    <p class='ocr_par' dir='ltr' id='par_1_27' title="bbox 77 2075 979 2258">
     <span class='ocr_line' id='line_1_51' title="bbox 177 2075 972 2122; baseline -0.004 -11"><span class='ocrx_word' id='word_1_314' title='bbox 177 2077 301 2114; x_wconf 82' lang='lat' dir='ltr'>rhum,</span> <span class='ocrx_word' id='word_1_315' title='bbox 330 2080 361 2111; x_wconf 83' lang='lat'>&amp;</span> <span class='ocrx_word' id='word_1_316' title='bbox 390 2082 565 2112; x_wconf 84' lang='lat' dir='ltr'>Romanos</span> <span class='ocrx_word' id='word_1_317' title='bbox 587 2075 656 2111; x_wconf 88' lang='lat' dir='ltr'>fuit</span> <span class='ocrx_word' id='word_1_318' title='bbox 681 2077 780 2116; x_wconf 79' lang='lat' dir='ltr'>juxta</span> <span class='ocrx_word' id='word_1_319' title='bbox 807 2076 972 2122; x_wconf 86' lang='lat' dir='ltr'>Eutropii</span> 
     </span>
     <span class='ocr_line' id='line_1_52' title="bbox 77 2119 975 2172; baseline -0.001 -17"><span class='ocrx_word' id='word_1_320' title='bbox 77 2131 241 2172; x_wconf 63' lang='lat' dir='ltr'>tempora</span> <span class='ocrx_word' id='word_1_321' title='bbox 261 2121 627 2168; x_wconf 67' lang='lat' dir='ltr'>quadringentesimus</span> <span class='ocrx_word' id='word_1_322' title='bbox 658 2120 700 2156; x_wconf 90' lang='lat' dir='ltr'>ab</span> <span class='ocrx_word' id='word_1_323' title='bbox 726 2119 823 2156; x_wconf 85' lang='lat' dir='ltr'>Urbe</span> <span class='ocrx_word' id='word_1_324' title='bbox 851 2121 975 2155; x_wconf 85' lang='lat' dir='ltr'>condi-</span> 
     </span>
     <span class='ocr_line' id='line_1_53' title="bbox 77 2164 979 2216; baseline -0.003 -13"><span class='ocrx_word' id='word_1_325' title='bbox 77 2174 136 2203; x_wconf 88' lang='lat' dir='ltr'>ta,</span> <span class='ocrx_word' id='word_1_326' title='bbox 161 2179 200 2201; x_wconf 82' lang='lat' dir='ltr'>ac</span> <span class='ocrx_word' id='word_1_327' title='bbox 224 2167 493 2216; x_wconf 79' lang='lat' dir='ltr'>leptuagefimus</span> <span class='ocrx_word' id='word_1_328' title='bbox 508 2176 652 2213; x_wconf 90' lang='lat' dir='ltr'>quartus</span> <span class='ocrx_word' id='word_1_329' title='bbox 668 2189 679 2206; x_wconf 86' lang='lat'><strong>‚</strong></span> <span class='ocrx_word' id='word_1_330' title='bbox 693 2178 763 2210; x_wconf 90' lang='lat' dir='ltr'>quo</span> <span class='ocrx_word' id='word_1_331' title='bbox 784 2164 880 2201; x_wconf 76' lang='lat' dir='ltr'>fuisse</span> <span class='ocrx_word' id='word_1_332' title='bbox 894 2177 979 2201; x_wconf 90' lang='lat' dir='ltr'>con-</span> 
     </span>
     <span class='ocr_line' id='line_1_54' title="bbox 78 2210 972 2258; baseline 0 -12"><span class='ocrx_word' id='word_1_333' title='bbox 78 2210 139 2246; x_wconf 79' lang='lat' dir='ltr'>stat</span> <span class='ocrx_word' id='word_1_334' title='bbox 164 2213 258 2248; x_wconf 70' lang='lat' dir='ltr'>Cois.</span> <span class='ocrx_word' id='word_1_335' title='bbox 283 2218 319 2249; x_wconf 87' lang='lat' dir='ltr'>P.</span> <span class='ocrx_word' id='word_1_336' title='bbox 334 2215 554 2258; x_wconf 74' lang='lat' dir='ltr'>sulpicium,</span> <span class='ocrx_word' id='word_1_337' title='bbox 581 2215 611 2246; x_wconf 73' lang='grc' dir='ltr'>ὅτ.</span> <span class='ocrx_word' id='word_1_338' title='bbox 639 2215 790 2247; x_wconf 81' lang='lat' dir='ltr'>Decium</span> <span class='ocrx_word' id='word_1_339' title='bbox 818 2214 972 2251; x_wconf 87' lang='lat' dir='ltr'>Murem,</span> 
     </span>
    </p>
   </div>
   <div class='ocr_carea' id='block_1_28' title="bbox 24 2254 972 2304">
    <p class='ocr_par' dir='ltr' id='par_1_28' title="bbox 24 2254 972 2304">
     <span class='ocr_line' id='line_1_55' title="bbox 24 2254 972 2304; baseline 0.001 -14"><span class='ocrx_word' id='word_1_340' title='bbox 24 2292 25 2296; x_wconf 52' lang='grc'>,</span> <span class='ocrx_word' id='word_1_341' title='bbox 76 2254 131 2290; x_wconf 82' lang='lat' dir='ltr'>sed</span> <span class='ocrx_word' id='word_1_342' title='bbox 155 2260 192 2292; x_wconf 90' lang='lat' dir='ltr'>in</span> <span class='ocrx_word' id='word_1_343' title='bbox 207 2261 446 2304; x_wconf 75' lang='lat' dir='ltr'>Chronologia</span> <span class='ocrx_word' id='word_1_344' title='bbox 469 2261 627 2293; x_wconf 80' lang='lat' dir='ltr'>Livianae</span> <span class='ocrx_word' id='word_1_345' title='bbox 642 2258 788 2293; x_wconf 78' lang='lat' dir='ltr'>historiae</span> <span class='ocrx_word' id='word_1_346' title='bbox 802 2259 972 2296; x_wconf 83' lang='lat' dir='ltr'>‚Carolus</span> 
     </span>
    </p>
   </div>
   <div class='ocr_carea' id='block_1_29' title="bbox 78 2301 978 2986">
    <p class='ocr_par' dir='ltr' id='par_1_29' title="bbox 78 2301 978 2986">
     <span class='ocr_line' id='line_1_56' title="bbox 78 2301 974 2347; baseline 0 -11"><span class='ocrx_word' id='word_1_347' title='bbox 78 2305 239 2347; x_wconf 72' lang='lat' dir='ltr'>Sigonius</span> <span class='ocrx_word' id='word_1_348' title='bbox 267 2304 380 2339; x_wconf 69' lang='lat' dir='ltr'>asserit</span> <span class='ocrx_word' id='word_1_349' title='bbox 405 2326 416 2343; x_wconf 88' lang='lat'>,</span> <span class='ocrx_word' id='word_1_350' title='bbox 455 2304 521 2339; x_wconf 89' lang='lat' dir='ltr'>hoc</span> <span class='ocrx_word' id='word_1_351' title='bbox 550 2315 644 2337; x_wconf 90' lang='lat' dir='ltr'>anno</span> <span class='ocrx_word' id='word_1_352' title='bbox 668 2301 767 2338; x_wconf 79' lang='lat' dir='ltr'>fuisse</span> <span class='ocrx_word' id='word_1_353' title='bbox 792 2303 882 2338; x_wconf 84' lang='lat' dir='ltr'>Coff.</span> <span class='ocrx_word' id='word_1_354' title='bbox 907 2305 974 2336; x_wconf 88' lang='lat' dir='ltr'>ite-</span> 
     </span>
     <span class='ocr_line' id='line_1_57' title="bbox 82 2349 971 2395; baseline 0.002 -15"><span class='ocrx_word' id='word_1_355' title='bbox 82 2359 159 2383; x_wconf 90' lang='lat' dir='ltr'>rum</span> <span class='ocrx_word' id='word_1_356' title='bbox 185 2351 228 2383; x_wconf 82' lang='lat' dir='ltr'>C.</span> <span class='ocrx_word' id='word_1_357' title='bbox 253 2349 479 2389; x_wconf 84' lang='lat' dir='ltr'>Fabricium,</span> <span class='ocrx_word' id='word_1_358' title='bbox 505 2353 535 2384; x_wconf 75' lang='lat' dir='ltr'>Sc</span> <span class='ocrx_word' id='word_1_359' title='bbox 561 2350 815 2395; x_wconf 77' lang='lat' dir='ltr'>QAE=nilium</span> <span class='ocrx_word' id='word_1_360' title='bbox 842 2371 855 2388; x_wconf 90' lang='lat'>‚</span> <span class='ocrx_word' id='word_1_361' title='bbox 879 2360 971 2382; x_wconf 89' lang='lat' dir='ltr'>anno</span> 
     </span>
     <span class='ocr_line' id='line_1_58' title="bbox 80 2393 972 2442; baseline 0.002 -16"><span class='ocrx_word' id='word_1_362' title='bbox 80 2404 199 2429; x_wconf 75' lang='lat' dir='ltr'>autem</span> <span class='ocrx_word' id='word_1_363' title='bbox 234 2393 408 2442; x_wconf 83' lang='lat' dir='ltr'>superiore</span> <span class='ocrx_word' id='word_1_364' title='bbox 451 2395 631 2441; x_wconf 63' lang='lat' dir='ltr'>praedifilos</span> <span class='ocrx_word' id='word_1_365' title='bbox 658 2395 851 2439; x_wconf 61' lang='lat' dir='ltr'>sulpitium</span> <span class='ocrx_word' id='word_1_366' title='bbox 890 2416 901 2433; x_wconf 89' lang='lat'>,</span> <span class='ocrx_word' id='word_1_367' title='bbox 942 2397 972 2428; x_wconf 84' lang='lat'>&amp;</span> 
     </span>
     <span class='ocr_line' id='line_1_59' title="bbox 84 2438 978 2491; baseline 0 -19"><span class='ocrx_word' id='word_1_368' title='bbox 84 2440 235 2491; x_wconf 79' lang='lat' dir='ltr'>Decium</span> <span class='ocrx_word' id='word_1_369' title='bbox 260 2463 272 2480; x_wconf 88' lang='lat'>,</span> <span class='ocrx_word' id='word_1_370' title='bbox 299 2440 391 2484; x_wconf 89' lang='lat' dir='ltr'>quod</span> <span class='ocrx_word' id='word_1_371' title='bbox 413 2440 437 2476; x_wconf 88' lang='lat' dir='ltr'><strong>fi</strong></span> <span class='ocrx_word' id='word_1_372' title='bbox 464 2445 514 2474; x_wconf 84' lang='lat' dir='ltr'>ita</span> <span class='ocrx_word' id='word_1_373' title='bbox 537 2440 581 2474; x_wconf 88' lang='lat' dir='ltr'>est</span> <span class='ocrx_word' id='word_1_374' title='bbox 606 2462 618 2479; x_wconf 88' lang='lat'><strong>‚</strong></span> <span class='ocrx_word' id='word_1_375' title='bbox 645 2443 797 2486; x_wconf 87' lang='lat' dir='ltr'>priorem</span> <span class='ocrx_word' id='word_1_376' title='bbox 818 2438 978 2474; x_wconf 86' lang='lat' dir='ltr'>dicemus</span> 
     </span>
     <span class='ocr_line' id='line_1_60' title="bbox 80 2481 978 2533; baseline -0.001 -14"><span class='ocrx_word' id='word_1_377' title='bbox 80 2481 178 2519; x_wconf 71' lang='lat' dir='ltr'>{unse</span> <span class='ocrx_word' id='word_1_378' title='bbox 207 2497 364 2533; x_wconf 77' lang='lat' dir='ltr'>pugnam</span> <span class='ocrx_word' id='word_1_379' title='bbox 391 2488 430 2521; x_wconf 90' lang='lat' dir='ltr'>in</span> <span class='ocrx_word' id='word_1_380' title='bbox 460 2498 530 2532; x_wconf 86' lang='lat' dir='ltr'>qua</span> <span class='ocrx_word' id='word_1_381' title='bbox 555 2485 697 2520; x_wconf 76' lang='lat' dir='ltr'>Orosius</span> <span class='ocrx_word' id='word_1_382' title='bbox 718 2484 916 2519; x_wconf 79' lang='lat' dir='ltr'>Fabricium</span> <span class='ocrx_word' id='word_1_383' title='bbox 931 2486 978 2518; x_wconf 91' lang='lat' dir='ltr'>le-</span> 
     </span>
     <span class='ocr_line' id='line_1_61' title="bbox 83 2529 976 2577; baseline -0.001 -13"><span class='ocrx_word' id='word_1_384' title='bbox 83 2539 206 2573; x_wconf 82' lang='lat' dir='ltr'>gatum</span> <span class='ocrx_word' id='word_1_385' title='bbox 234 2532 383 2565; x_wconf 89' lang='lat' dir='ltr'>vulnere</span> <span class='ocrx_word' id='word_1_386' title='bbox 423 2532 531 2568; x_wconf 57' lang='lat' dir='ltr'>letum</span> <span class='ocrx_word' id='word_1_387' title='bbox 560 2533 706 2577; x_wconf 79' lang='lat' dir='ltr'>exponit</span> <span class='ocrx_word' id='word_1_388' title='bbox 731 2552 742 2568; x_wconf 85' lang='lat'>,</span> <span class='ocrx_word' id='word_1_389' title='bbox 781 2532 812 2563; x_wconf 79' lang='grc' dir='ltr'>ὃι</span> <span class='ocrx_word' id='word_1_390' title='bbox 848 2529 976 2565; x_wconf 84' lang='lat' dir='ltr'>exinde</span> 
     </span>
     <span class='ocr_line' id='line_1_62' title="bbox 83 2573 975 2623; baseline 0 -15"><span class='ocrx_word' id='word_1_391' title='bbox 83 2573 266 2611; x_wconf 81' lang='lat' dir='ltr'>Medicum</span> <span class='ocrx_word' id='word_1_392' title='bbox 291 2577 450 2611; x_wconf 83' lang='lat' dir='ltr'>Fabricio</span> <span class='ocrx_word' id='word_1_393' title='bbox 478 2576 556 2612; x_wconf 89' lang='lat' dir='ltr'>Cos.</span> <span class='ocrx_word' id='word_1_394' title='bbox 583 2577 789 2623; x_wconf 87' lang='lat' dir='ltr'>pollicitum</span> <span class='ocrx_word' id='word_1_395' title='bbox 828 2578 912 2622; x_wconf 78' lang='lat' dir='ltr'>Regi</span> <span class='ocrx_word' id='word_1_396' title='bbox 943 2573 975 2609; x_wconf 90' lang='lat' dir='ltr'>se</span> 
     </span>
     <span class='ocr_line' id='line_1_63' title="bbox 82 2622 975 2672; baseline 0.001 -20"><span class='ocrx_word' id='word_1_397' title='bbox 82 2629 260 2672; x_wconf 78' lang='lat' dir='ltr'>venenum</span> <span class='ocrx_word' id='word_1_398' title='bbox 283 2622 475 2657; x_wconf 87' lang='lat' dir='ltr'>daturum.</span> <span class='ocrx_word' id='word_1_399' title='bbox 499 2624 613 2658; x_wconf 89' lang='lat' dir='ltr'>Miror</span> <span class='ocrx_word' id='word_1_400' title='bbox 626 2625 735 2657; x_wconf 81' lang='lat' dir='ltr'>etiam</span> <span class='ocrx_word' id='word_1_401' title='bbox 758 2623 794 2655; x_wconf 88' lang='lat' dir='ltr'>in</span> <span class='ocrx_word' id='word_1_402' title='bbox 809 2623 975 2663; x_wconf 77' lang='lat' dir='ltr'>epitomis</span> 
     </span>
     <span class='ocr_line' id='line_1_64' title="bbox 83 2666 974 2714; baseline 0.002 -16"><span class='ocrx_word' id='word_1_403' title='bbox 83 2666 244 2701; x_wconf 82' lang='lat' dir='ltr'>Livianis</span> <span class='ocrx_word' id='word_1_404' title='bbox 270 2666 445 2713; x_wconf 82' lang='lat' dir='ltr'>nusquam</span> <span class='ocrx_word' id='word_1_405' title='bbox 472 2670 541 2714; x_wconf 74' lang='lat' dir='ltr'>legi</span> <span class='ocrx_word' id='word_1_406' title='bbox 563 2680 693 2703; x_wconf 89' lang='lat' dir='ltr'>nomen</span> <span class='ocrx_word' id='word_1_407' title='bbox 718 2666 864 2713; x_wconf 84' lang='lat' dir='ltr'>Sulpitii</span> <span class='ocrx_word' id='word_1_408' title='bbox 891 2688 904 2705; x_wconf 84' lang='lat'>,</span> <span class='ocrx_word' id='word_1_409' title='bbox 943 2669 974 2700; x_wconf 65' lang='grc' dir='ltr'>δι</span> 
     </span>
     <span class='ocr_line' id='line_1_65' title="bbox 85 2711 975 2759; baseline 0.001 -14"><span class='ocrx_word' id='word_1_410' title='bbox 85 2711 183 2746; x_wconf 89' lang='lat' dir='ltr'>Decii</span> <span class='ocrx_word' id='word_1_411' title='bbox 210 2736 220 2746; x_wconf 90' lang='lat'>.</span> <span class='ocrx_word' id='word_1_412' title='bbox 257 2714 358 2759; x_wconf 81' lang='lat' dir='ltr'>Apud</span> <span class='ocrx_word' id='word_1_413' title='bbox 384 2715 602 2749; x_wconf 88' lang='lat' dir='ltr'>Glareanum</span> <span class='ocrx_word' id='word_1_414' title='bbox 634 2716 672 2748; x_wconf 90' lang='lat' dir='ltr'>in</span> <span class='ocrx_word' id='word_1_415' title='bbox 694 2723 788 2748; x_wconf 88' lang='lat' dir='ltr'>anno</span> <span class='ocrx_word' id='word_1_416' title='bbox 814 2711 975 2759; x_wconf 60' lang='lat' dir='ltr'>praediSro</span> 
     </span>
     <span class='ocr_line' id='line_1_66' title="bbox 83 2758 971 2804; baseline -0.003 -10"><span class='ocrx_word' id='word_1_417' title='bbox 83 2766 162 2800; x_wconf 72' lang='lat'><strong>474-</strong></span> <span class='ocrx_word' id='word_1_418' title='bbox 186 2758 276 2794; x_wconf 81' lang='lat' dir='ltr'>Coss.</span> <span class='ocrx_word' id='word_1_419' title='bbox 303 2769 443 2804; x_wconf 87' lang='lat' dir='ltr'>ponunt</span> <span class='ocrx_word' id='word_1_420' title='bbox 470 2764 506 2795; x_wconf 86' lang='lat' dir='ltr'>P.</span> <span class='ocrx_word' id='word_1_421' title='bbox 526 2759 698 2804; x_wconf 86' lang='lat' dir='ltr'>Sulpitius</span> <span class='ocrx_word' id='word_1_422' title='bbox 729 2760 878 2794; x_wconf 76' lang='lat' dir='ltr'>Averrio</span> <span class='ocrx_word' id='word_1_423' title='bbox 898 2783 908 2792; x_wconf 89' lang='lat'>.</span> <span class='ocrx_word' id='word_1_424' title='bbox 935 2762 971 2793; x_wconf 91' lang='lat' dir='ltr'>P.</span> 
     </span>
     <span class='ocr_line' id='line_1_67' title="bbox 87 2802 972 2850; baseline 0.001 -14"><span class='ocrx_word' id='word_1_425' title='bbox 87 2805 214 2841; x_wconf 78' lang='lat' dir='ltr'>Decius</span> <span class='ocrx_word' id='word_1_426' title='bbox 240 2804 448 2850; x_wconf 84' lang='lat' dir='ltr'>Pyrrhicus,</span> <span class='ocrx_word' id='word_1_427' title='bbox 473 2807 511 2838; x_wconf 88' lang='lat' dir='ltr'>in</span> <span class='ocrx_word' id='word_1_428' title='bbox 537 2803 695 2850; x_wconf 84' lang='lat' dir='ltr'>sequenti</span> <span class='ocrx_word' id='word_1_429' title='bbox 718 2804 761 2839; x_wconf 88' lang='lat' dir='ltr'>C.</span> <span class='ocrx_word' id='word_1_430' title='bbox 779 2802 972 2841; x_wconf 79' lang='lat' dir='ltr'>Fabricius,</span> 
     </span>
     <span class='ocr_line' id='line_1_68' title="bbox 86 2847 974 2894; baseline -0.003 -9"><span class='ocrx_word' id='word_1_431' title='bbox 86 2847 257 2885; x_wconf 82' lang='lat' dir='ltr'>Luscinus</span> <span class='ocrx_word' id='word_1_432' title='bbox 282 2854 414 2885; x_wconf 89' lang='lat' dir='ltr'>iterum</span> <span class='ocrx_word' id='word_1_433' title='bbox 441 2873 453 2890; x_wconf 79' lang='grc'><em>,</em></span> <span class='ocrx_word' id='word_1_434' title='bbox 477 2850 728 2894; x_wconf 78' lang='lat' dir='ltr'>QAemilius</span> <span class='ocrx_word' id='word_1_435' title='bbox 757 2850 883 2892; x_wconf 85' lang='lat' dir='ltr'>Papula</span> <span class='ocrx_word' id='word_1_436' title='bbox 906 2852 974 2883; x_wconf 87' lang='lat' dir='ltr'>ite-</span> 
     </span>
     <span class='ocr_line' id='line_1_69' title="bbox 85 2895 972 2940; baseline -0.002 -11"><span class='ocrx_word' id='word_1_437' title='bbox 85 2905 163 2930; x_wconf 69' lang='lat' dir='ltr'>rum</span> <span class='ocrx_word' id='word_1_438' title='bbox 178 2915 189 2932; x_wconf 86' lang='lat'>,</span> <span class='ocrx_word' id='word_1_439' title='bbox 215 2897 331 2940; x_wconf 86' lang='lat' dir='ltr'>priore</span> <span class='ocrx_word' id='word_1_440' title='bbox 353 2908 447 2931; x_wconf 85' lang='lat' dir='ltr'>anno</span> <span class='ocrx_word' id='word_1_441' title='bbox 470 2896 542 2931; x_wconf 75' lang='lat' dir='ltr'>furt</span> <span class='ocrx_word' id='word_1_442' title='bbox 568 2895 689 2930; x_wconf 86' lang='lat' dir='ltr'>habita</span> <span class='ocrx_word' id='word_1_443' title='bbox 714 2898 826 2930; x_wconf 89' lang='lat' dir='ltr'>oratio</span> <span class='ocrx_word' id='word_1_444' title='bbox 848 2903 972 2928; x_wconf 88' lang='lat' dir='ltr'>contra</span> 
     </span>
     <span class='ocr_line' id='line_1_70' title="bbox 86 2938 973 2986; baseline -0.003 -11"><span class='ocrx_word' id='word_1_445' title='bbox 86 2940 256 2985; x_wconf 87' lang='lat' dir='ltr'>Pyrrhum</span> <span class='ocrx_word' id='word_1_446' title='bbox 279 2939 323 2974; x_wconf 86' lang='lat' dir='ltr'>ab</span> <span class='ocrx_word' id='word_1_447' title='bbox 344 2944 462 2986; x_wconf 82' lang='lat' dir='ltr'>Appio</span> <span class='ocrx_word' id='word_1_448' title='bbox 475 2943 582 2976; x_wconf 81' lang='lat' dir='ltr'>Coeco</span> <span class='ocrx_word' id='word_1_449' title='bbox 597 2963 607 2980; x_wconf 92' lang='lat'>‚</span> <span class='ocrx_word' id='word_1_450' title='bbox 633 2939 790 2986; x_wconf 83' lang='lat' dir='ltr'>sequenti</span> <span class='ocrx_word' id='word_1_451' title='bbox 812 2938 896 2974; x_wconf 77' lang='lat' dir='ltr'>verb</span> <span class='ocrx_word' id='word_1_452' title='bbox 913 2950 973 2983; x_wconf 78' lang='lat' dir='ltr'>ge-</span> 
     </span>
    </p>
   </div>
   <div class='ocr_carea' id='block_1_30' title="bbox 84 3028 980 3440">
    <p class='ocr_par' dir='ltr' id='par_1_30' title="bbox 84 3028 980 3440">
     <span class='ocr_line' id='line_1_71' title="bbox 84 3028 972 3079; baseline -0.001 -15"><span class='ocrx_word' id='word_1_453' title='bbox 84 3029 145 3064; x_wconf 77' lang='lat' dir='ltr'>alii</span> <span class='ocrx_word' id='word_1_454' title='bbox 166 3028 324 3065; x_wconf 87' lang='lat' dir='ltr'>viderint</span> <span class='ocrx_word' id='word_1_455' title='bbox 346 3054 357 3070; x_wconf 90' lang='lat'>,</span> <span class='ocrx_word' id='word_1_456' title='bbox 392 3031 510 3079; x_wconf 81' lang='lat' dir='ltr'>sequar</span> <span class='ocrx_word' id='word_1_457' title='bbox 537 3030 607 3078; x_wconf 84' lang='lat' dir='ltr'>ipse</span> <span class='ocrx_word' id='word_1_458' title='bbox 629 3035 722 3078; x_wconf 83' lang='lat' dir='ltr'>quod</span> <span class='ocrx_word' id='word_1_459' title='bbox 751 3033 866 3076; x_wconf 84' lang='lat' dir='ltr'>plures</span> <span class='ocrx_word' id='word_1_460' title='bbox 888 3028 972 3064; x_wconf 85' lang='lat' dir='ltr'>scri-</span> 
     </span>
     <span class='ocr_line' id='line_1_72' title="bbox 87 3073 977 3127; baseline -0.001 -18"><span class='ocrx_word' id='word_1_461' title='bbox 87 3073 178 3127; x_wconf 70' lang='lat' dir='ltr'>bunt</span> <span class='ocrx_word' id='word_1_462' title='bbox 199 3096 212 3113; x_wconf 87' lang='lat'>,</span> <span class='ocrx_word' id='word_1_463' title='bbox 239 3085 334 3110; x_wconf 89' lang='lat' dir='ltr'>ratus</span> <span class='ocrx_word' id='word_1_464' title='bbox 354 3080 473 3112; x_wconf 82' lang='lat' dir='ltr'>minus</span> <span class='ocrx_word' id='word_1_465' title='bbox 492 3077 556 3112; x_wconf 79' lang='lat' dir='ltr'>effe</span> <span class='ocrx_word' id='word_1_466' title='bbox 584 3089 697 3111; x_wconf 85' lang='lat' dir='ltr'>errare</span> <span class='ocrx_word' id='word_1_467' title='bbox 714 3088 799 3112; x_wconf 91' lang='lat' dir='ltr'>cum</span> <span class='ocrx_word' id='word_1_468' title='bbox 824 3076 977 3113; x_wconf 85' lang='lat' dir='ltr'>multis,</span> 
     </span>
     <span class='ocr_line' id='line_1_73' title="bbox 85 3117 973 3167; baseline 0 -14"><span class='ocrx_word' id='word_1_469' title='bbox 85 3117 293 3167; x_wconf 71' lang='lat' dir='ltr'>facibusque</span> <span class='ocrx_word' id='word_1_470' title='bbox 319 3125 462 3158; x_wconf 85' lang='lat' dir='ltr'>veniam</span> <span class='ocrx_word' id='word_1_471' title='bbox 486 3125 612 3157; x_wconf 80' lang='lat' dir='ltr'>mereri</span> <span class='ocrx_word' id='word_1_472' title='bbox 647 3147 657 3156; x_wconf 87' lang='lat'><strong>.</strong></span> <span class='ocrx_word' id='word_1_473' title='bbox 696 3126 820 3158; x_wconf 89' lang='lat' dir='ltr'>Pacem</span> <span class='ocrx_word' id='word_1_474' title='bbox 859 3122 973 3166; x_wconf 80' lang='lat' dir='ltr'>igitur</span> 
     </span>
     <span class='ocr_line' id='line_1_74' title="bbox 87 3164 973 3212; baseline 0.001 -14"><span class='ocrx_word' id='word_1_475' title='bbox 87 3164 149 3199; x_wconf 75' lang='lat' dir='ltr'>hac</span> <span class='ocrx_word' id='word_1_476' title='bbox 169 3170 306 3200; x_wconf 87' lang='lat' dir='ltr'>ratione</span> <span class='ocrx_word' id='word_1_477' title='bbox 323 3170 490 3202; x_wconf 85' lang='lat' dir='ltr'>Romanis</span> <span class='ocrx_word' id='word_1_478' title='bbox 512 3167 794 3212; x_wconf 79' lang='lat' dir='ltr'>abnegantibus,</span> <span class='ocrx_word' id='word_1_479' title='bbox 814 3171 886 3203; x_wconf 78' lang='lat' dir='ltr'>Rex</span> <span class='ocrx_word' id='word_1_480' title='bbox 899 3166 973 3199; x_wconf 79' lang='lat' dir='ltr'>bel-</span> 
     </span>
     <span class='ocr_line' id='line_1_75' title="bbox 87 3209 973 3259; baseline -0.003 -13"><span class='ocrx_word' id='word_1_481' title='bbox 87 3209 162 3246; x_wconf 71' lang='lat' dir='ltr'>lum</span> <span class='ocrx_word' id='word_1_482' title='bbox 181 3213 368 3258; x_wconf 84' lang='lat' dir='ltr'>exequitur</span> <span class='ocrx_word' id='word_1_483' title='bbox 390 3225 473 3254; x_wconf 84' lang='lat' dir='ltr'>cum</span> <span class='ocrx_word' id='word_1_484' title='bbox 501 3217 562 3248; x_wconf 88' lang='lat' dir='ltr'>Pu.</span> <span class='ocrx_word' id='word_1_485' title='bbox 588 3213 742 3259; x_wconf 84' lang='lat' dir='ltr'>Sulpitio</span> <span class='ocrx_word' id='word_1_486' title='bbox 766 3235 778 3252; x_wconf 92' lang='lat'><strong>‚</strong></span> <span class='ocrx_word' id='word_1_487' title='bbox 802 3215 833 3248; x_wconf 85' lang='lat'>&amp;</span> <span class='ocrx_word' id='word_1_488' title='bbox 862 3213 973 3246; x_wconf 88' lang='lat' dir='ltr'>Decio</span> 
     </span>
     <span class='ocr_line' id='line_1_76' title="bbox 88 3255 975 3308; baseline 0.001 -20"><span class='ocrx_word' id='word_1_489' title='bbox 88 3255 176 3308; x_wconf 64' lang='lat' dir='ltr'>Cois.</span> <span class='ocrx_word' id='word_1_490' title='bbox 202 3255 293 3302; x_wconf 88' lang='lat' dir='ltr'>apud</span> <span class='ocrx_word' id='word_1_491' title='bbox 316 3257 485 3293; x_wconf 85' lang='lat' dir='ltr'>Asculum</span> <span class='ocrx_word' id='word_1_492' title='bbox 506 3260 543 3292; x_wconf 88' lang='lat' dir='ltr'>in</span> <span class='ocrx_word' id='word_1_493' title='bbox 572 3260 702 3302; x_wconf 76' lang='lat' dir='ltr'>Apulia</span> <span class='ocrx_word' id='word_1_494' title='bbox 735 3281 747 3298; x_wconf 89' lang='lat'>,</span> <span class='ocrx_word' id='word_1_495' title='bbox 781 3269 822 3294; x_wconf 90' lang='lat' dir='ltr'>ut</span> <span class='ocrx_word' id='word_1_496' title='bbox 847 3255 975 3291; x_wconf 88' lang='lat' dir='ltr'>sentire</span> 
     </span>
     <span class='ocr_line' id='line_1_77' title="bbox 88 3300 976 3341; baseline 0.002 -8"><span class='ocrx_word' id='word_1_497' title='bbox 88 3300 252 3335; x_wconf 76' lang='lat' dir='ltr'>videntur</span> <span class='ocrx_word' id='word_1_498' title='bbox 277 3303 511 3341; x_wconf 85' lang='lat' dir='ltr'>Plutarchus,</span> <span class='ocrx_word' id='word_1_499' title='bbox 534 3306 566 3337; x_wconf 74' lang='grc' dir='ltr'>δε</span> <span class='ocrx_word' id='word_1_500' title='bbox 591 3306 721 3338; x_wconf 88' lang='lat' dir='ltr'>Lucius</span> <span class='ocrx_word' id='word_1_501' title='bbox 736 3305 880 3338; x_wconf 79' lang='lat' dir='ltr'>Florus:</span> <span class='ocrx_word' id='word_1_502' title='bbox 905 3303 976 3336; x_wconf 89' lang='lat' dir='ltr'>haec</span> 
     </span>
     <span class='ocr_line' id='line_1_78' title="bbox 89 3343 978 3395; baseline 0.002 -17"><span class='ocrx_word' id='word_1_503' title='bbox 89 3343 170 3393; x_wconf 78' lang='lat' dir='ltr'>urbs</span> <span class='ocrx_word' id='word_1_504' title='bbox 190 3345 306 3381; x_wconf 82' lang='lat' dir='ltr'>ducali</span> <span class='ocrx_word' id='word_1_505' title='bbox 332 3349 454 3383; x_wconf 75' lang='lat' dir='ltr'>nostris</span> <span class='ocrx_word' id='word_1_506' title='bbox 478 3348 697 3395; x_wconf 86' lang='lat' dir='ltr'>temporibus</span> <span class='ocrx_word' id='word_1_507' title='bbox 719 3350 897 3394; x_wconf 75' lang='lat' dir='ltr'>dignitate</span> <span class='ocrx_word' id='word_1_508' title='bbox 922 3349 978 3381; x_wconf 90' lang='lat' dir='ltr'>in-</span> 
     </span>
     <span class='ocr_line' id='line_1_79' title="bbox 91 3389 980 3440; baseline -0.01 -7"><span class='ocrx_word' id='word_1_509' title='bbox 91 3390 238 3434; x_wconf 67' lang='lat' dir='ltr'>¹¹3¹³itur</span> <span class='ocrx_word' id='word_1_510' title='bbox 273 3414 285 3431; x_wconf 63' lang='grc' dir='ltr'><strong>ς</strong></span> <span class='ocrx_word' id='word_1_511' title='bbox 319 3395 416 3434; x_wconf 80' lang='lat' dir='ltr'>cujus</span> <span class='ocrx_word' id='word_1_512' title='bbox 441 3397 634 3429; x_wconf 87' lang='lat' dir='ltr'>meminere</span> <span class='ocrx_word' id='word_1_513' title='bbox 666 3406 739 3428; x_wconf 88' lang='lat' dir='ltr'>non</span> <span class='ocrx_word' id='word_1_514' title='bbox 767 3394 872 3440; x_wconf 82' lang='lat' dir='ltr'>pauci</span> <span class='ocrx_word' id='word_1_515' title='bbox 896 3389 980 3425; x_wconf 89' lang='lat' dir='ltr'>scri-</span> 
     </span>
    </p>
   </div>
   <div class='ocr_carea' id='block_1_31' title="bbox 38 3436 978 3486">
    <p class='ocr_par' dir='ltr' id='par_1_31' title="bbox 38 3436 978 3486">
     <span class='ocr_line' id='line_1_80' title="bbox 38 3436 978 3486; baseline 0.002 -18"><span class='ocrx_word' id='word_1_516' title='bbox 38 3480 40 3485; x_wconf 17' lang='lat'><em>*</em></span> <span class='ocrx_word' id='word_1_517' title='bbox 89 3443 224 3480; x_wconf 83' lang='lat' dir='ltr'>ptores:</span> <span class='ocrx_word' id='word_1_518' title='bbox 252 3441 482 3484; x_wconf 83' lang='lat' dir='ltr'>Appianusin</span> <span class='ocrx_word' id='word_1_519' title='bbox 499 3441 639 3486; x_wconf 82' lang='lat' dir='ltr'>primo,</span> <span class='ocrx_word' id='word_1_520' title='bbox 667 3442 708 3474; x_wconf 89' lang='lat' dir='ltr'>L.</span> <span class='ocrx_word' id='word_1_521' title='bbox 721 3439 839 3473; x_wconf 86' lang='lat' dir='ltr'>Florus</span> <span class='ocrx_word' id='word_1_522' title='bbox 854 3436 978 3472; x_wconf 88' lang='lat' dir='ltr'>inbel-</span> 
     </span>
    </p>
   </div>
   <div class='ocr_carea' id='block_1_32' title="bbox 90 3481 978 3531">
    <p class='ocr_par' dir='ltr' id='par_1_32' title="bbox 90 3481 978 3531">
     <span class='ocr_line' id='line_1_81' title="bbox 90 3481 978 3531; baseline 0.002 -17"><span class='ocrx_word' id='word_1_523' title='bbox 90 3481 124 3515; x_wconf 70' lang='lat' dir='ltr'>ilo</span> <span class='ocrx_word' id='word_1_524' title='bbox 144 3482 340 3520; x_wconf 80' lang='lat' dir='ltr'>Tarentino</span> <span class='ocrx_word' id='word_1_525' title='bbox 367 3507 378 3526; x_wconf 85' lang='lat'>‚</span> <span class='ocrx_word' id='word_1_526' title='bbox 403 3485 526 3521; x_wconf 63' lang='lat' dir='ltr'>strabo</span> <span class='ocrx_word' id='word_1_527' title='bbox 545 3484 834 3531; x_wconf 81' lang='lat' dir='ltr'>in-Geographia</span> <span class='ocrx_word' id='word_1_528' title='bbox 858 3492 978 3525; x_wconf 58' lang='lat' dir='ltr'>recem</span> 
     </span>
    </p>
   </div>
   <div class='ocr_carea' id='block_1_33' title="bbox 393 1703 1686 1753">
    <p class='ocr_par' dir='ltr' id='par_1_33' title="bbox 393 1703 1686 1753">
     <span class='ocr_line' id='line_1_82' title="bbox 393 1703 1686 1753; baseline -0.012 -2"><span class='ocrx_word' id='word_1_529' title='bbox 393 1732 404 1750; x_wconf 71' lang='lat'><strong><em>⁹</em></strong></span> <span class='ocrx_word' id='word_1_530' title='bbox 429 1707 474 1743; x_wconf 53' lang='grc' dir='ltr'>ὁ·</span> <span class='ocrx_word' id='word_1_531' title='bbox 499 1711 727 1750; x_wconf 71' lang='lat' dir='ltr'>ROm‘mflWm</span> <span class='ocrx_word' id='word_1_532' title='bbox 752 1715 862 1752; x_wconf 68' lang='lat' dir='ltr'>Pugna</span> <span class='ocrx_word' id='word_1_533' title='bbox 887 1704 978 1753; x_wconf 70' lang='lat' dir='ltr'>apud</span> <span class='ocrx_word' id='word_1_534' title='bbox 1033 1713 1128 1746; x_wconf 88' lang='lat' dir='ltr'>nicie</span> <span class='ocrx_word' id='word_1_535' title='bbox 1149 1716 1272 1742; x_wconf 80' lang='lat' dir='ltr'>contra</span> <span class='ocrx_word' id='word_1_536' title='bbox 1297 1703 1450 1739; x_wconf 89' lang='lat' dir='ltr'>frontem</span> <span class='ocrx_word' id='word_1_537' title='bbox 1478 1703 1686 1736; x_wconf 69' lang='lat' dir='ltr'>venientes,</span> 
     </span>
    </p>
   </div>
   <div class='ocr_carea' id='block_1_34' title="bbox 11 874 1917 1017">
    <p class='ocr_par' dir='ltr' id='par_1_34' title="bbox 11 874 1917 1017">
     <span class='ocr_line' id='line_1_83' title="bbox 1004 874 1917 931; baseline -0.015 -10"><span class='ocrx_word' id='word_1_538' title='bbox 1004 897 1133 931; x_wconf 78' lang='lat' dir='ltr'>magna</span> <span class='ocrx_word' id='word_1_539' title='bbox 1160 886 1303 917; x_wconf 85' lang='lat' dir='ltr'>luorum</span> <span class='ocrx_word' id='word_1_540' title='bbox 1330 880 1419 916; x_wconf 79' lang='lat' dir='ltr'>caede</span> <span class='ocrx_word' id='word_1_541' title='bbox 1441 879 1549 926; x_wconf 78' lang='lat' dir='ltr'>usque</span> <span class='ocrx_word' id='word_1_542' title='bbox 1574 878 1617 913; x_wconf 88' lang='lat' dir='ltr'>ad</span> <span class='ocrx_word' id='word_1_543' title='bbox 1643 878 1782 913; x_wconf 58' lang='lat' dir='ltr'>nofiiem</span> <span class='ocrx_word' id='word_1_544' title='bbox 1807 874 1917 908; x_wconf 83' lang='lat' dir='ltr'>dimi-</span> 
     </span>
     <span class='ocr_line' id='line_1_84' title="bbox 11 922 1913 983; baseline -0.01 -13"><span class='ocrx_word' id='word_1_545' title='bbox 11 963 13 983; x_wconf 23' lang='grc' dir='ltr'>ᾗ</span> <span class='ocrx_word' id='word_1_546' title='bbox 55 938 181 979; x_wconf 74' lang='lat' dir='ltr'>merito</span> <span class='ocrx_word' id='word_1_547' title='bbox 209 933 381 979; x_wconf 86' lang='lat' dir='ltr'>supplicio</span> <span class='ocrx_word' id='word_1_548' title='bbox 407 929 527 966; x_wconf 74' lang='lat' dir='ltr'>affecit</span> <span class='ocrx_word' id='word_1_549' title='bbox 554 954 566 970; x_wconf 80' lang='lat'>‚</span> <span class='ocrx_word' id='word_1_550' title='bbox 592 942 631 966; x_wconf 86' lang='lat' dir='ltr'>ac</span> <span class='ocrx_word' id='word_1_551' title='bbox 658 933 783 977; x_wconf 88' lang='lat' dir='ltr'>laqueo</span> <span class='ocrx_word' id='word_1_552' title='bbox 806 927 950 975; x_wconf 87' lang='lat' dir='ltr'>suspen·</span> <span class='ocrx_word' id='word_1_553' title='bbox 1001 936 1126 970; x_wconf 61' lang='lat' dir='ltr'>cavit,</span> <span class='ocrx_word' id='word_1_554' title='bbox 1150 939 1222 965; x_wconf 82' lang='lat' dir='ltr'>nox</span> <span class='ocrx_word' id='word_1_555' title='bbox 1249 929 1409 974; x_wconf 83' lang='lat' dir='ltr'>praelium</span> <span class='ocrx_word' id='word_1_556' title='bbox 1435 925 1606 960; x_wconf 86' lang='lat' dir='ltr'>diremit.</span> <span class='ocrx_word' id='word_1_557' title='bbox 1635 922 1799 959; x_wconf 75' lang='lat' dir='ltr'>Postridie</span> <span class='ocrx_word' id='word_1_558' title='bbox 1827 929 1913 954; x_wconf 90' lang='lat' dir='ltr'>vero</span> 
     </span>
     <span class='ocr_line' id='line_1_85' title="bbox 1008 965 1907 1017; baseline -0.013 -9"><span class='ocrx_word' id='word_1_559' title='bbox 1008 979 1104 1015; x_wconf 72' lang='lat' dir='ltr'>five,</span> <span class='ocrx_word' id='word_1_560' title='bbox 1130 986 1171 1011; x_wconf 84' lang='lat' dir='ltr'>ut</span> <span class='ocrx_word' id='word_1_561' title='bbox 1197 974 1287 1012; x_wconf 81' lang='lat' dir='ltr'>alii,</span> <span class='ocrx_word' id='word_1_562' title='bbox 1313 969 1433 1007; x_wconf 63' lang='lat' dir='ltr'>tridui&gt;</span> <span class='ocrx_word' id='word_1_563' title='bbox 1461 971 1530 1017; x_wconf 78' lang='lat' dir='ltr'>post</span> <span class='ocrx_word' id='word_1_564' title='bbox 1552 983 1577 1005; x_wconf 75' lang='lat' dir='ltr'>xe</span> <span class='ocrx_word' id='word_1_565' title='bbox 1605 967 1767 1003; x_wconf 87' lang='lat' dir='ltr'>uioribus</span> <span class='ocrx_word' id='word_1_566' title='bbox 1783 965 1907 1002; x_wconf 66' lang='lat' dir='ltr'>struSia</span> 
     </span>
    </p>
   </div>
   <div class='ocr_carea' id='block_1_35' title="bbox 1010 1008 1924 1338">
    <p class='ocr_par' dir='ltr' id='par_1_35' title="bbox 1010 1008 1924 1338">
     <span class='ocr_line' id='line_1_86' title="bbox 1010 1008 1917 1062; baseline -0.02 -2"><span class='ocrx_word' id='word_1_567' title='bbox 1010 1029 1084 1060; x_wconf 87' lang='lat' dir='ltr'>acie</span> <span class='ocrx_word' id='word_1_568' title='bbox 1107 1024 1192 1056; x_wconf 89' lang='lat' dir='ltr'>locis</span> <span class='ocrx_word' id='word_1_569' title='bbox 1216 1040 1227 1058; x_wconf 92' lang='lat'>,</span> <span class='ocrx_word' id='word_1_570' title='bbox 1266 1021 1296 1053; x_wconf 76' lang='grc' dir='ltr'>δε</span> <span class='ocrx_word' id='word_1_571' title='bbox 1323 1016 1556 1062; x_wconf 80' lang='lat' dir='ltr'>asperioribus</span> <span class='ocrx_word' id='word_1_572' title='bbox 1604 1014 1735 1050; x_wconf 82' lang='lat' dir='ltr'>altibus</span> <span class='ocrx_word' id='word_1_573' title='bbox 1761 1008 1917 1061; x_wconf 65' lang='lat' dir='ltr'>prrelidlo</span> 
     </span>
     <span class='ocr_line' id='line_1_87' title="bbox 1011 1060 1917 1114; baseline -0.022 -8"><span class='ocrx_word' id='word_1_574' title='bbox 1011 1069 1192 1114; x_wconf 74' lang='lat' dir='ltr'>occupatis</span> <span class='ocrx_word' id='word_1_575' title='bbox 1215 1085 1226 1102; x_wconf 65' lang='lat' dir='ltr'><em>v</em></span> <span class='ocrx_word' id='word_1_576' title='bbox 1252 1063 1430 1109; x_wconf 82' lang='lat' dir='ltr'>miffisque</span> <span class='ocrx_word' id='word_1_577' title='bbox 1451 1064 1545 1096; x_wconf 88' lang='lat' dir='ltr'>inter</span> <span class='ocrx_word' id='word_1_578' title='bbox 1577 1060 1795 1105; x_wconf 83' lang='lat' dir='ltr'>Elephantos</span> <span class='ocrx_word' id='word_1_579' title='bbox 1818 1065 1917 1096; x_wconf 65' lang='lat' dir='ltr'>sacu-</span> 
     </span>
     <span class='ocr_line' id='line_1_88' title="bbox 1018 1104 1920 1154; baseline -0.021 -3"><span class='ocrx_word' id='word_1_580' title='bbox 1018 1112 1190 1151; x_wconf 85' lang='lat' dir='ltr'>latoribus</span> <span class='ocrx_word' id='word_1_581' title='bbox 1206 1121 1267 1149; x_wconf 84' lang='lat' dir='ltr'>,ac</span> <span class='ocrx_word' id='word_1_582' title='bbox 1279 1105 1472 1154; x_wconf 77' lang='lat' dir='ltr'>sagittariis</span> <span class='ocrx_word' id='word_1_583' title='bbox 1487 1129 1497 1144; x_wconf 82' lang='lat'>,</span> <span class='ocrx_word' id='word_1_584' title='bbox 1515 1107 1619 1142; x_wconf 89' lang='lat' dir='ltr'>denso</span> <span class='ocrx_word' id='word_1_585' title='bbox 1634 1105 1774 1150; x_wconf 79' lang='lat' dir='ltr'>agmine</span> <span class='ocrx_word' id='word_1_586' title='bbox 1790 1104 1920 1136; x_wconf 78' lang='lat' dir='ltr'>Roma-</span> 
     </span>
     <span class='ocr_line' id='line_1_89' title="bbox 1019 1147 1920 1200; baseline -0.018 -6"><span class='ocrx_word' id='word_1_587' title='bbox 1019 1155 1244 1198; x_wconf 81' lang='lat' dir='ltr'>nosinvafit:</span> <span class='ocrx_word' id='word_1_588' title='bbox 1268 1153 1366 1190; x_wconf 88' lang='lat' dir='ltr'>addit</span> <span class='ocrx_word' id='word_1_589' title='bbox 1387 1153 1504 1200; x_wconf 87' lang='lat' dir='ltr'>Julius</span> <span class='ocrx_word' id='word_1_590' title='bbox 1522 1153 1713 1187; x_wconf 80' lang='lat' dir='ltr'>Frontinus</span> <span class='ocrx_word' id='word_1_591' title='bbox 1727 1148 1827 1188; x_wconf 84' lang='lat' dir='ltr'>juxta</span> <span class='ocrx_word' id='word_1_592' title='bbox 1844 1147 1920 1180; x_wconf 84' lang='lat' dir='ltr'>Ho-</span> 
     </span>
     <span class='ocr_line' id='line_1_90' title="bbox 1020 1189 1922 1244; baseline -0.024 0"><span class='ocrx_word' id='word_1_593' title='bbox 1020 1209 1195 1243; x_wconf 86' lang='lat' dir='ltr'>mericum</span> <span class='ocrx_word' id='word_1_594' title='bbox 1221 1198 1361 1235; x_wconf 81' lang='lat' dir='ltr'>versum</span> <span class='ocrx_word' id='word_1_595' title='bbox 1384 1220 1395 1237; x_wconf 75' lang='grc'><em>,</em></span> <span class='ocrx_word' id='word_1_596' title='bbox 1430 1210 1501 1244; x_wconf 89' lang='lat' dir='ltr'>quo</span> <span class='ocrx_word' id='word_1_597' title='bbox 1527 1196 1665 1242; x_wconf 74' lang='lat' dir='ltr'>pessimi</span> <span class='ocrx_word' id='word_1_598' title='bbox 1693 1197 1730 1228; x_wconf 89' lang='lat' dir='ltr'>in</span> <span class='ocrx_word' id='word_1_599' title='bbox 1759 1189 1922 1240; x_wconf 71' lang='lat' dir='ltr'>medium</span> 
     </span>
     <span class='ocr_line' id='line_1_91' title="bbox 1021 1237 1924 1297; baseline -0.022 -10"><span class='ocrx_word' id='word_1_600' title='bbox 1021 1255 1287 1297; x_wconf 80' lang='lat' dir='ltr'>reciperentur,</span> <span class='ocrx_word' id='word_1_601' title='bbox 1312 1248 1363 1281; x_wconf 83' lang='lat' dir='ltr'>ita</span> <span class='ocrx_word' id='word_1_602' title='bbox 1391 1245 1564 1292; x_wconf 82' lang='lat' dir='ltr'>Pyrrhum</span> <span class='ocrx_word' id='word_1_603' title='bbox 1590 1242 1726 1276; x_wconf 88' lang='lat' dir='ltr'>milites</span> <span class='ocrx_word' id='word_1_604' title='bbox 1739 1237 1924 1289; x_wconf 67' lang='lat' dir='ltr'>disposuis-</span> 
     </span>
     <span class='ocr_line' id='line_1_92' title="bbox 1020 1286 1924 1338; baseline -0.023 -4"><span class='ocrx_word' id='word_1_605' title='bbox 1020 1298 1052 1334; x_wconf 86' lang='lat' dir='ltr'>se</span> <span class='ocrx_word' id='word_1_606' title='bbox 1076 1321 1088 1338; x_wconf 90' lang='lat'>,</span> <span class='ocrx_word' id='word_1_607' title='bbox 1125 1295 1249 1329; x_wconf 83' lang='lat' dir='ltr'>dextro</span> <span class='ocrx_word' id='word_1_608' title='bbox 1285 1290 1423 1327; x_wconf 87' lang='lat' dir='ltr'>scilicet</span> <span class='ocrx_word' id='word_1_609' title='bbox 1451 1300 1562 1325; x_wconf 89' lang='lat' dir='ltr'>cornu</span> <span class='ocrx_word' id='word_1_610' title='bbox 1589 1298 1675 1323; x_wconf 88' lang='lat' dir='ltr'>cum</span> <span class='ocrx_word' id='word_1_611' title='bbox 1703 1286 1924 1318; x_wconf 76' lang='lat' dir='ltr'>Samnitibus</span> 
     </span>
    </p>
   </div>
   <div class='ocr_carea' id='block_1_36' title="bbox 15 1332 1924 1484">
    <p class='ocr_par' dir='ltr' id='par_1_36' title="bbox 15 1332 1924 1484">
     <span class='ocr_line' id='line_1_93' title="bbox 15 1332 1924 1391; baseline -0.011 -11"><span class='ocrx_word' id='word_1_612' title='bbox 15 1376 17 1380; x_wconf 87' lang='lat'><em>.</em></span> <span class='ocrx_word' id='word_1_613' title='bbox 63 1343 117 1382; x_wconf 84' lang='lat' dir='ltr'>sed</span> <span class='ocrx_word' id='word_1_614' title='bbox 143 1357 185 1378; x_wconf 88' lang='lat' dir='ltr'>ne</span> <span class='ocrx_word' id='word_1_615' title='bbox 207 1344 414 1379; x_wconf 86' lang='lat' dir='ltr'>viderentur</span> <span class='ocrx_word' id='word_1_616' title='bbox 441 1343 591 1378; x_wconf 85' lang='lat' dir='ltr'>Romani</span> <span class='ocrx_word' id='word_1_617' title='bbox 618 1364 630 1380; x_wconf 93' lang='lat'>‚</span> <span class='ocrx_word' id='word_1_618' title='bbox 668 1349 708 1375; x_wconf 88' lang='lat' dir='ltr'>ut</span> <span class='ocrx_word' id='word_1_619' title='bbox 731 1339 867 1374; x_wconf 62' lang='lat' dir='ltr'>dierum</span> <span class='ocrx_word' id='word_1_620' title='bbox 889 1337 933 1371; x_wconf 78' lang='lat' dir='ltr'>est</span> <span class='ocrx_word' id='word_1_621' title='bbox 949 1343 1002 1384; x_wconf 84' lang='lat' dir='ltr'>,C</span> <span class='ocrx_word' id='word_1_622' title='bbox 1020 1348 1183 1391; x_wconf 67' lang='lat' dir='ltr'>Epirotas</span> <span class='ocrx_word' id='word_1_623' title='bbox 1207 1362 1219 1379; x_wconf 90' lang='lat'><strong>‚</strong></span> <span class='ocrx_word' id='word_1_624' title='bbox 1245 1336 1380 1373; x_wconf 78' lang='lat' dir='ltr'>sinistro</span> <span class='ocrx_word' id='word_1_625' title='bbox 1404 1338 1542 1372; x_wconf 88' lang='lat' dir='ltr'>Brutios</span> <span class='ocrx_word' id='word_1_626' title='bbox 1566 1357 1578 1373; x_wconf 93' lang='lat'>‚</span> <span class='ocrx_word' id='word_1_627' title='bbox 1607 1341 1712 1377; x_wconf 89' lang='lat' dir='ltr'>atque</span> <span class='ocrx_word' id='word_1_628' title='bbox 1736 1332 1924 1364; x_wconf 84' lang='lat' dir='ltr'>Lucanos,</span> 
     </span>
     <span class='ocr_line' id='line_1_94' title="bbox 15 1381 961 1434; baseline -0.011 -8"><span class='ocrx_word' id='word_1_629' title='bbox 15 1426 17 1429; x_wconf 83' lang='grc'><em>,</em></span> <span class='ocrx_word' id='word_1_630' title='bbox 65 1389 145 1425; x_wconf 87' lang='lat' dir='ltr'>dolo</span> <span class='ocrx_word' id='word_1_631' title='bbox 163 1402 287 1425; x_wconf 84' lang='lat' dir='ltr'>necare</span> <span class='ocrx_word' id='word_1_632' title='bbox 309 1411 321 1428; x_wconf 89' lang='lat'>,</span> <span class='ocrx_word' id='word_1_633' title='bbox 361 1389 504 1434; x_wconf 87' lang='lat' dir='ltr'>perinde</span> <span class='ocrx_word' id='word_1_634' title='bbox 538 1391 644 1432; x_wconf 79' lang='lat' dir='ltr'>atque</span> <span class='ocrx_word' id='word_1_635' title='bbox 673 1385 698 1420; x_wconf 82' lang='lat' dir='ltr'>fi</span> <span class='ocrx_word' id='word_1_636' title='bbox 726 1383 842 1432; x_wconf 71' lang='lat' dir='ltr'>aperte</span> <span class='ocrx_word' id='word_1_637' title='bbox 869 1381 961 1419; x_wconf 86' lang='lat' dir='ltr'>haud</span> 
     </span>
     <span class='ocr_line' id='line_1_95' title="bbox 15 1429 962 1484; baseline -0.012 -12"><span class='ocrx_word' id='word_1_638' title='bbox 15 1444 17 1446; x_wconf 77' lang='grc'><strong>’</strong></span> <span class='ocrx_word' id='word_1_639' title='bbox 65 1435 221 1484; x_wconf 77' lang='lat' dir='ltr'>pofl&#39;ent.</span> <span class='ocrx_word' id='word_1_640' title='bbox 251 1438 303 1471; x_wconf 91' lang='lat' dir='ltr'>De</span> <span class='ocrx_word' id='word_1_641' title='bbox 323 1436 488 1469; x_wconf 83' lang='lat' dir='ltr'>amicitia</span> <span class='ocrx_word' id='word_1_642' title='bbox 509 1431 593 1467; x_wconf 76' lang='lat' dir='ltr'>verb</span> <span class='ocrx_word' id='word_1_643' title='bbox 610 1455 621 1470; x_wconf 83' lang='lat'>,</span> <span class='ocrx_word' id='word_1_644' title='bbox 647 1435 679 1467; x_wconf 78' lang='grc' dir='ltr'>δι</span> <span class='ocrx_word' id='word_1_645' title='bbox 694 1443 775 1478; x_wconf 81' lang='lat' dir='ltr'>pace</span> <span class='ocrx_word' id='word_1_646' title='bbox 799 1429 962 1474; x_wconf 75' lang='lat' dir='ltr'>nihilagi</span> 
     </span>
    </p>
   </div>
   <div class='ocr_carea' id='block_1_37' title="bbox 1020 1374 1929 1735">
    <p class='ocr_par' dir='ltr' id='par_1_37' title="bbox 1020 1374 1929 1711">
     <span class='ocr_line' id='line_1_96' title="bbox 1020 1374 1926 1426; baseline -0.022 -1"><span class='ocrx_word' id='word_1_647' title='bbox 1020 1400 1055 1426; x_wconf 88' lang='lat' dir='ltr'>at</span> <span class='ocrx_word' id='word_1_648' title='bbox 1085 1393 1122 1425; x_wconf 89' lang='lat' dir='ltr'>in</span> <span class='ocrx_word' id='word_1_649' title='bbox 1147 1384 1262 1421; x_wconf 78' lang='lat' dir='ltr'>media</span> <span class='ocrx_word' id='word_1_650' title='bbox 1287 1385 1363 1418; x_wconf 84' lang='lat' dir='ltr'>acie</span> <span class='ocrx_word' id='word_1_651' title='bbox 1390 1393 1447 1416; x_wconf 91' lang='lat' dir='ltr'>eos</span> <span class='ocrx_word' id='word_1_652' title='bbox 1473 1380 1667 1416; x_wconf 80' lang='lat' dir='ltr'>collocavit</span> <span class='ocrx_word' id='word_1_653' title='bbox 1691 1386 1839 1411; x_wconf 86' lang='lat' dir='ltr'>omnes,</span> <span class='ocrx_word' id='word_1_654' title='bbox 1861 1374 1926 1415; x_wconf 85' lang='lat' dir='ltr'>qui</span> 
     </span>
     <span class='ocr_line' id='line_1_97' title="bbox 1021 1420 1924 1477; baseline -0.025 -5"><span class='ocrx_word' id='word_1_655' title='bbox 1021 1436 1131 1472; x_wconf 85' lang='lat' dir='ltr'>inviti</span> <span class='ocrx_word' id='word_1_656' title='bbox 1159 1429 1393 1477; x_wconf 81' lang='lat' dir='ltr'>pugnabant,</span> <span class='ocrx_word' id='word_1_657' title='bbox 1417 1428 1623 1473; x_wconf 88' lang='lat' dir='ltr'>equitatum</span> <span class='ocrx_word' id='word_1_658' title='bbox 1648 1426 1679 1458; x_wconf 86' lang='lat'>&amp;</span> <span class='ocrx_word' id='word_1_659' title='bbox 1708 1420 1924 1476; x_wconf 72' lang='lat' dir='ltr'>Elephantos</span> 
     </span>
     <span class='ocr_line' id='line_1_98' title="bbox 1025 1462 1925 1518; baseline -0.023 -2"><span class='ocrx_word' id='word_1_660' title='bbox 1025 1485 1063 1518; x_wconf 85' lang='lat' dir='ltr'>in</span> <span class='ocrx_word' id='word_1_661' title='bbox 1089 1477 1247 1515; x_wconf 78' lang='lat' dir='ltr'>subsidiis</span> <span class='ocrx_word' id='word_1_662' title='bbox 1271 1472 1339 1510; x_wconf 87' lang='lat' dir='ltr'>esse</span> <span class='ocrx_word' id='word_1_663' title='bbox 1355 1474 1569 1509; x_wconf 77' lang='lat' dir='ltr'>mandavit·-</span> <span class='ocrx_word' id='word_1_664' title='bbox 1594 1477 1720 1506; x_wconf 90' lang='lat' dir='ltr'>contra</span> <span class='ocrx_word' id='word_1_665' title='bbox 1731 1477 1815 1500; x_wconf 87' lang='lat' dir='ltr'>vero</span> <span class='ocrx_word' id='word_1_666' title='bbox 1830 1462 1925 1497; x_wconf 69' lang='lat' dir='ltr'>coss.</span> 
     </span>
     <span class='ocr_line' id='line_1_99' title="bbox 1026 1510 1927 1575; baseline -0.022 -10"><span class='ocrx_word' id='word_1_667' title='bbox 1026 1525 1162 1575; x_wconf 71' lang='lat' dir='ltr'>optime</span> <span class='ocrx_word' id='word_1_668' title='bbox 1182 1522 1250 1557; x_wconf 83' lang='lat' dir='ltr'>suis</span> <span class='ocrx_word' id='word_1_669' title='bbox 1275 1524 1315 1555; x_wconf 89' lang='lat' dir='ltr'>in</span> <span class='ocrx_word' id='word_1_670' title='bbox 1340 1531 1480 1555; x_wconf 72' lang='lat' dir='ltr'>cornuae</span> <span class='ocrx_word' id='word_1_671' title='bbox 1503 1516 1625 1552; x_wconf 80' lang='lat' dir='ltr'>divifis</span> <span class='ocrx_word' id='word_1_672' title='bbox 1652 1511 1859 1563; x_wconf 70' lang='lat' dir='ltr'>equitibus,</span> <span class='ocrx_word' id='word_1_673' title='bbox 1878 1510 1927 1543; x_wconf 87' lang='lat' dir='ltr'>le-</span> 
     </span>
     <span class='ocr_line' id='line_1_100' title="bbox 1028 1555 1925 1621; baseline -0.026 -13"><span class='ocrx_word' id='word_1_674' title='bbox 1028 1579 1148 1621; x_wconf 77' lang='lat' dir='ltr'>giones</span> <span class='ocrx_word' id='word_1_675' title='bbox 1174 1572 1212 1604; x_wconf 82' lang='lat' dir='ltr'>in</span> <span class='ocrx_word' id='word_1_676' title='bbox 1233 1569 1347 1614; x_wconf 81' lang='lat' dir='ltr'>prima</span> <span class='ocrx_word' id='word_1_677' title='bbox 1373 1567 1446 1600; x_wconf 87' lang='lat' dir='ltr'>acie</span> <span class='ocrx_word' id='word_1_678' title='bbox 1471 1587 1483 1604; x_wconf 80' lang='lat'>‚</span> <span class='ocrx_word' id='word_1_679' title='bbox 1509 1567 1541 1599; x_wconf 75' lang='grc' dir='ltr'>δι</span> <span class='ocrx_word' id='word_1_680' title='bbox 1568 1564 1606 1597; x_wconf 89' lang='lat' dir='ltr'>in</span> <span class='ocrx_word' id='word_1_681' title='bbox 1629 1556 1790 1610; x_wconf 74' lang='lat' dir='ltr'>subsidiis</span> <span class='ocrx_word' id='word_1_682' title='bbox 1813 1555 1925 1590; x_wconf 90' lang='lat' dir='ltr'>collo-</span> 
     </span>
     <span class='ocr_line' id='line_1_101' title="bbox 1029 1597 1926 1655; baseline -0.026 -1"><span class='ocrx_word' id='word_1_683' title='bbox 1029 1626 1156 1655; x_wconf 83' lang='lat' dir='ltr'>carunt</span> <span class='ocrx_word' id='word_1_684' title='bbox 1181 1637 1194 1655; x_wconf 95' lang='lat'>,</span> <span class='ocrx_word' id='word_1_685' title='bbox 1229 1617 1261 1649; x_wconf 71' lang='grc' dir='ltr'>δι</span> <span class='ocrx_word' id='word_1_686' title='bbox 1282 1613 1336 1648; x_wconf 85' lang='lat' dir='ltr'>his</span> <span class='ocrx_word' id='word_1_687' title='bbox 1361 1609 1634 1646; x_wconf 86' lang='lat' dir='ltr'>immiscuerunt</span> <span class='ocrx_word' id='word_1_688' title='bbox 1659 1604 1794 1638; x_wconf 74' lang='lat' dir='ltr'>auxilia</span> <span class='ocrx_word' id='word_1_689' title='bbox 1822 1622 1833 1639; x_wconf 91' lang='lat'>‚</span> <span class='ocrx_word' id='word_1_690' title='bbox 1870 1597 1926 1632; x_wconf 89' lang='lat' dir='ltr'>sed.</span> 
     </span>
     <span class='ocr_line' id='line_1_102' title="bbox 1031 1645 1929 1711; baseline -0.027 -11"><span class='ocrx_word' id='word_1_691' title='bbox 1031 1675 1144 1711; x_wconf 89' lang='lat' dir='ltr'>neque</span> <span class='ocrx_word' id='word_1_692' title='bbox 1171 1675 1189 1696; x_wconf 87' lang='lat' dir='ltr'>a</span> <span class='ocrx_word' id='word_1_693' title='bbox 1208 1661 1286 1695; x_wconf 92' lang='lat' dir='ltr'>loco</span> <span class='ocrx_word' id='word_1_694' title='bbox 1311 1680 1322 1697; x_wconf 94' lang='lat'>,</span> <span class='ocrx_word' id='word_1_695' title='bbox 1347 1666 1388 1692; x_wconf 91' lang='lat' dir='ltr'>ut</span> <span class='ocrx_word' id='word_1_696' title='bbox 1413 1655 1528 1702; x_wconf 81' lang='lat' dir='ltr'>pridie</span> <span class='ocrx_word' id='word_1_697' title='bbox 1553 1678 1564 1695; x_wconf 87' lang='lat'>‚</span> <span class='ocrx_word' id='word_1_698' title='bbox 1593 1652 1706 1693; x_wconf 76' lang='lat' dir='ltr'>adiuti</span> <span class='ocrx_word' id='word_1_699' title='bbox 1731 1657 1827 1692; x_wconf 62' lang='lat' dir='ltr'>aqua</span> <span class='ocrx_word' id='word_1_700' title='bbox 1853 1645 1929 1693; x_wconf 73' lang='lat' dir='ltr'>pla-</span> 
     </span>
    </p>

    <p class='ocr_par' dir='ltr' id='par_1_38' title="bbox 1712 1692 1928 1735">
     <span class='ocr_line' id='line_1_103' title="bbox 1712 1692 1928 1735; baseline -0.028 -8"><span class='ocrx_word' id='word_1_701' title='bbox 1712 1704 1796 1727; x_wconf 88' lang='lat' dir='ltr'>cum</span> <span class='ocrx_word' id='word_1_702' title='bbox 1816 1692 1928 1735; x_wconf 79' lang='lat' dir='ltr'>prinl-</span> 
     </span>
    </p>
   </div>
   <div class='ocr_carea' id='block_1_38' title="bbox 1035 1737 1931 1802">
    <p class='ocr_par' dir='ltr' id='par_1_39' title="bbox 1035 1737 1931 1802">
     <span class='ocr_line' id='line_1_104' title="bbox 1035 1737 1931 1802; baseline -0.027 -11"><span class='ocrx_word' id='word_1_703' title='bbox 1035 1767 1143 1802; x_wconf 83' lang='lat' dir='ltr'>quam</span> <span class='ocrx_word' id='word_1_704' title='bbox 1168 1750 1323 1788; x_wconf 84' lang='lat' dir='ltr'>adessent</span> <span class='ocrx_word' id='word_1_705' title='bbox 1353 1742 1718 1793; x_wconf 83' lang='lat' dir='ltr'>Elephanti‚pedites</span> <span class='ocrx_word' id='word_1_706' title='bbox 1744 1737 1931 1784; x_wconf 72' lang='lat' dir='ltr'>profligare</span> 
     </span>
    </p>
   </div>
   <div class='ocr_carea' id='block_1_39' title="bbox 1037 1782 1932 1849">
    <p class='ocr_par' dir='ltr' id='par_1_40' title="bbox 1037 1782 1932 1849">
     <span class='ocr_line' id='line_1_105' title="bbox 1037 1782 1932 1849; baseline -0.029 -11"><span class='ocrx_word' id='word_1_707' title='bbox 1037 1807 1262 1849; x_wconf 84' lang='lat' dir='ltr'>properarent</span> <span class='ocrx_word' id='word_1_708' title='bbox 1288 1817 1300 1835; x_wconf 92' lang='lat'>,</span> <span class='ocrx_word' id='word_1_709' title='bbox 1324 1795 1478 1841; x_wconf 82' lang='lat' dir='ltr'>graviter</span> <span class='ocrx_word' id='word_1_710' title='bbox 1503 1788 1662 1827; x_wconf 83' lang='lat' dir='ltr'>adversus</span> <span class='ocrx_word' id='word_1_711' title='bbox 1689 1782 1821 1820; x_wconf 85' lang='lat' dir='ltr'>sarissas</span> <span class='ocrx_word' id='word_1_712' title='bbox 1845 1792 1932 1815; x_wconf 88' lang='lat' dir='ltr'>cum</span> 
     </span>
    </p>
   </div>
   <div class='ocr_carea' id='block_1_40' title="bbox 976 1833 1931 1894">
    <p class='ocr_par' dir='ltr' id='par_1_41' title="bbox 976 1833 1931 1894">
     <span class='ocr_line' id='line_1_106' title="bbox 976 1833 1931 1894; baseline -0.027 -10"><span class='ocrx_word' id='word_1_713' title='bbox 976 1847 1159 1894; x_wconf 69' lang='lat' dir='ltr'>Dgladiis</span> <span class='ocrx_word' id='word_1_714' title='bbox 1185 1841 1392 1891; x_wconf 81' lang='lat' dir='ltr'>pugnabant</span> <span class='ocrx_word' id='word_1_715' title='bbox 1418 1861 1430 1878; x_wconf 77' lang='lat'><em>‚</em></span> <span class='ocrx_word' id='word_1_716' title='bbox 1471 1838 1564 1874; x_wconf 88' lang='lat' dir='ltr'>nulli</span> <span class='ocrx_word' id='word_1_717' title='bbox 1592 1833 1703 1870; x_wconf 78' lang='lat' dir='ltr'>labori</span> <span class='ocrx_word' id='word_1_718' title='bbox 1728 1836 1931 1875; x_wconf 75' lang='lat' dir='ltr'>parcentes:</span> 
     </span>
    </p>
   </div>
   <div class='ocr_carea' id='block_1_41' title="bbox 1028 1873 1943 2979">
    <p class='ocr_par' dir='ltr' id='par_1_42' title="bbox 1028 1873 1943 2979">
     <span class='ocr_line' id='line_1_107' title="bbox 1034 1873 1926 1929; baseline -0.029 0"><span class='ocrx_word' id='word_1_719' title='bbox 1034 1888 1252 1929; x_wconf 84' lang='lat' dir='ltr'>vulnerando</span> <span class='ocrx_word' id='word_1_720' title='bbox 1279 1899 1317 1923; x_wconf 91' lang='lat' dir='ltr'>ac</span> <span class='ocrx_word' id='word_1_721' title='bbox 1338 1882 1595 1921; x_wconf 81' lang='lat' dir='ltr'>caedendohosti</span> <span class='ocrx_word' id='word_1_722' title='bbox 1608 1880 1743 1914; x_wconf 85' lang='lat' dir='ltr'>intenti</span> <span class='ocrx_word' id='word_1_723' title='bbox 1759 1896 1770 1913; x_wconf 85' lang='lat'><strong>.</strong></span> <span class='ocrx_word' id='word_1_724' title='bbox 1786 1873 1926 1907; x_wconf 82' lang='lat' dir='ltr'>nullam</span> 
     </span>
     <span class='ocr_line' id='line_1_108' title="bbox 1033 1917 1928 1988; baseline -0.026 -14"><span class='ocrx_word' id='word_1_725' title='bbox 1033 1936 1168 1988; x_wconf 86' lang='lat' dir='ltr'>prorsus</span> <span class='ocrx_word' id='word_1_726' title='bbox 1190 1938 1364 1970; x_wconf 87' lang='lat' dir='ltr'>rationem</span> <span class='ocrx_word' id='word_1_727' title='bbox 1375 1930 1552 1966; x_wconf 82' lang='lat' dir='ltr'>habebant</span> <span class='ocrx_word' id='word_1_728' title='bbox 1568 1922 1738 1969; x_wconf 83' lang='lat' dir='ltr'>‚tandem</span> <span class='ocrx_word' id='word_1_729' title='bbox 1763 1920 1834 1965; x_wconf 68' lang='lat' dir='ltr'>pol:</span> <span class='ocrx_word' id='word_1_730' title='bbox 1851 1917 1928 1970; x_wconf 69' lang='lat' dir='ltr'>lon·</span> 
     </span>
     <span class='ocr_line' id='line_1_109' title="bbox 1033 1963 1935 2031; baseline -0.029 -12"><span class='ocrx_word' id='word_1_731' title='bbox 1033 1996 1121 2031; x_wconf 65' lang='lat' dir='ltr'>pum</span> <span class='ocrx_word' id='word_1_732' title='bbox 1147 1990 1287 2028; x_wconf 87' lang='lat' dir='ltr'>tempus</span> <span class='ocrx_word' id='word_1_733' title='bbox 1311 1978 1443 2012; x_wconf 87' lang='lat' dir='ltr'>dicitur</span> <span class='ocrx_word' id='word_1_734' title='bbox 1462 1975 1544 2022; x_wconf 78' lang='lat' dir='ltr'>fuga</span> <span class='ocrx_word' id='word_1_735' title='bbox 1572 1976 1809 2009; x_wconf 83' lang='lat' dir='ltr'>Romanororn</span> <span class='ocrx_word' id='word_1_736' title='bbox 1833 1963 1935 1997; x_wconf 79' lang='lat' dir='ltr'>mili-</span> 
     </span>
     <span class='ocr_line' id='line_1_110' title="bbox 1034 2007 1932 2072; baseline -0.029 -7"><span class='ocrx_word' id='word_1_737' title='bbox 1034 2020 1112 2067; x_wconf 68' lang='lat' dir='ltr'>t&#39;um</span> <span class='ocrx_word' id='word_1_738' title='bbox 1135 2040 1178 2063; x_wconf 73' lang='lat' dir='ltr'>ex</span> <span class='ocrx_word' id='word_1_739' title='bbox 1201 2039 1240 2061; x_wconf 85' lang='lat' dir='ltr'>ea</span> <span class='ocrx_word' id='word_1_740' title='bbox 1260 2034 1382 2072; x_wconf 85' lang='lat' dir='ltr'>parte,</span> <span class='ocrx_word' id='word_1_741' title='bbox 1406 2034 1476 2069; x_wconf 81' lang='lat' dir='ltr'>qua</span> <span class='ocrx_word' id='word_1_742' title='bbox 1499 2026 1571 2058; x_wconf 75' lang='lat' dir='ltr'>Rex</span> <span class='ocrx_word' id='word_1_743' title='bbox 1594 2012 1782 2066; x_wconf 71' lang='lat' dir='ltr'>praemebat</span> <span class='ocrx_word' id='word_1_744' title='bbox 1807 2007 1932 2044; x_wconf 83' lang='lat' dir='ltr'>hostes.</span> 
     </span>
     <span class='ocr_line' id='line_1_111' title="bbox 1035 2054 1935 2120; baseline -0.03 -9"><span class='ocrx_word' id='word_1_745' title='bbox 1035 2078 1110 2114; x_wconf 81' lang='lat' dir='ltr'>fieri</span> <span class='ocrx_word' id='word_1_746' title='bbox 1131 2081 1238 2120; x_wconf 82' lang='lat' dir='ltr'>caepta</span> <span class='ocrx_word' id='word_1_747' title='bbox 1254 2094 1266 2111; x_wconf 94' lang='lat'>,</span> <span class='ocrx_word' id='word_1_748' title='bbox 1292 2069 1346 2104; x_wconf 90' lang='lat' dir='ltr'>sed</span> <span class='ocrx_word' id='word_1_749' title='bbox 1371 2069 1571 2113; x_wconf 86' lang='lat' dir='ltr'>plurimum</span> <span class='ocrx_word' id='word_1_750' title='bbox 1594 2060 1785 2107; x_wconf 76' lang='lat' dir='ltr'>Elephanti</span> <span class='ocrx_word' id='word_1_751' title='bbox 1805 2054 1863 2089; x_wconf 86' lang='lat' dir='ltr'>suo</span> <span class='ocrx_word' id='word_1_752' title='bbox 1877 2064 1935 2087; x_wconf 88' lang='lat' dir='ltr'>ro-</span> 
     </span>
     <span class='ocr_line' id='line_1_112' title="bbox 1034 2109 1934 2166; baseline -0.032 -7"><span class='ocrx_word' id='word_1_753' title='bbox 1034 2126 1117 2159; x_wconf 86' lang='lat' dir='ltr'>bore</span> <span class='ocrx_word' id='word_1_754' title='bbox 1141 2143 1152 2158; x_wconf 85' lang='lat'>-‚</span> <span class='ocrx_word' id='word_1_755' title='bbox 1179 2128 1284 2165; x_wconf 81' lang='lat' dir='ltr'>atque</span> <span class='ocrx_word' id='word_1_756' title='bbox 1306 2114 1450 2149; x_wconf 84' lang='lat' dir='ltr'>audacia</span> <span class='ocrx_word' id='word_1_757' title='bbox 1469 2110 1726 2166; x_wconf 41' lang='lat' dir='ltr'>perfecerunt..</span> <span class='ocrx_word' id='word_1_758' title='bbox 1751 2113 1836 2152; x_wconf 78' lang='lat' dir='ltr'>cum</span> <span class='ocrx_word' id='word_1_759' title='bbox 1859 2109 1934 2147; x_wconf 69' lang='lat' dir='ltr'>non.</span> 
     </span>
     <span class='ocr_line' id='line_1_113' title="bbox 1034 2146 1934 2217; baseline -0.024 -14"><span class='ocrx_word' id='word_1_760' title='bbox 1034 2167 1172 2217; x_wconf 80' lang='lat' dir='ltr'>possent</span> <span class='ocrx_word' id='word_1_761' title='bbox 1202 2163 1353 2199; x_wconf 83' lang='lat' dir='ltr'>Romani</span> <span class='ocrx_word' id='word_1_762' title='bbox 1377 2159 1478 2195; x_wconf 83' lang='lat' dir='ltr'>solita</span> <span class='ocrx_word' id='word_1_763' title='bbox 1502 2165 1638 2193; x_wconf 81' lang='lat' dir='ltr'>virtute</span> <span class='ocrx_word' id='word_1_764' title='bbox 1661 2160 1714 2184; x_wconf 83' lang='lat' dir='ltr'>uti</span> <span class='ocrx_word' id='word_1_765' title='bbox 1730 2170 1740 2187; x_wconf 72' lang='grc' dir='ltr'><strong>ι</strong></span> <span class='ocrx_word' id='word_1_766' title='bbox 1769 2146 1934 2190; x_wconf 64' lang='lat' dir='ltr'>sedqualt</span> 
     </span>
     <span class='ocr_line' id='line_1_114' title="bbox 1034 2194 1932 2251; baseline -0.032 -1"><span class='ocrx_word' id='word_1_767' title='bbox 1034 2214 1206 2250; x_wconf 85' lang='lat' dir='ltr'>violentia</span> <span class='ocrx_word' id='word_1_768' title='bbox 1228 2205 1405 2249; x_wconf 79' lang='lat' dir='ltr'>cujusdam</span> <span class='ocrx_word' id='word_1_769' title='bbox 1419 2199 1697 2251; x_wconf 50' lang='lat' dir='ltr'>supervenientis</span> <span class='ocrx_word' id='word_1_770' title='bbox 1714 2194 1838 2229; x_wconf 64' lang='lat' dir='ltr'>fluetus</span> <span class='ocrx_word' id='word_1_771' title='bbox 1853 2211 1865 2229; x_wconf 88' lang='lat'>‚</span> <span class='ocrx_word' id='word_1_772' title='bbox 1891 2197 1932 2223; x_wconf 87' lang='lat' dir='ltr'>ac</span> 
     </span>
     <span class='ocr_line' id='line_1_115' title="bbox 1031 2231 1934 2298; baseline -0.032 -2"><span class='ocrx_word' id='word_1_773' title='bbox 1031 2265 1248 2298; x_wconf 87' lang='lat' dir='ltr'>terraemotus</span> <span class='ocrx_word' id='word_1_774' title='bbox 1272 2257 1311 2288; x_wconf 87' lang='lat' dir='ltr'>in</span> <span class='ocrx_word' id='word_1_775' title='bbox 1336 2252 1459 2297; x_wconf 78' lang='lat' dir='ltr'>fugam</span> <span class='ocrx_word' id='word_1_776' title='bbox 1485 2248 1655 2292; x_wconf 77' lang='lat' dir='ltr'>compuli]</span> <span class='ocrx_word' id='word_1_777' title='bbox 1690 2263 1702 2281; x_wconf 88' lang='lat'>,</span> <span class='ocrx_word' id='word_1_778' title='bbox 1736 2237 1821 2291; x_wconf 81' lang='lat' dir='ltr'>fuga</span> <span class='ocrx_word' id='word_1_779' title='bbox 1847 2231 1934 2270; x_wconf 70' lang='lat' dir='ltr'>verb</span> 
     </span>
     <span class='ocr_line' id='line_1_116' title="bbox 1031 2281 1932 2346; baseline -0.033 -3"><span class='ocrx_word' id='word_1_780' title='bbox 1031 2317 1104 2343; x_wconf 89' lang='lat' dir='ltr'>non</span> <span class='ocrx_word' id='word_1_781' title='bbox 1128 2304 1234 2346; x_wconf 72' lang='lat' dir='ltr'>longa</span> <span class='ocrx_word' id='word_1_782' title='bbox 1250 2322 1260 2338; x_wconf 91' lang='lat'>,</span> <span class='ocrx_word' id='word_1_783' title='bbox 1286 2297 1341 2334; x_wconf 86' lang='lat' dir='ltr'>sed</span> <span class='ocrx_word' id='word_1_784' title='bbox 1367 2301 1406 2332; x_wconf 89' lang='lat' dir='ltr'>in</span> <span class='ocrx_word' id='word_1_785' title='bbox 1419 2295 1526 2330; x_wconf 80' lang='lat' dir='ltr'>castra</span> <span class='ocrx_word' id='word_1_786' title='bbox 1549 2292 1620 2328; x_wconf 84' lang='lat' dir='ltr'>fuit</span> <span class='ocrx_word' id='word_1_787' title='bbox 1636 2314 1647 2324; x_wconf 81' lang='grc'><strong>.</strong></span> <span class='ocrx_word' id='word_1_788' title='bbox 1673 2284 1784 2339; x_wconf 74' lang='lat' dir='ltr'>Addit</span> <span class='ocrx_word' id='word_1_789' title='bbox 1801 2281 1843 2337; x_wconf 73' lang='lat' dir='ltr'>ad</span> <span class='ocrx_word' id='word_1_790' title='bbox 1858 2282 1932 2316; x_wconf 76' lang='lat' dir='ltr'>haec</span> 
     </span>
     <span class='ocr_line' id='line_1_117' title="bbox 1029 2344 1901 2392; baseline -0.029 -7"><span class='ocrx_word' id='word_1_791' title='bbox 1029 2351 1155 2392; x_wconf 78' lang='lat' dir='ltr'>paulus</span> <span class='ocrx_word' id='word_1_792' title='bbox 1177 2344 1320 2381; x_wconf 77' lang='lat' dir='ltr'>Orosius</span> <span class='ocrx_word' id='word_1_793' title='bbox 1334 2367 1346 2383; x_wconf 80' lang='lat'>‚</span> <span class='ocrx_word' id='word_1_794' title='bbox 1758 2378 1763 2383; x_wconf 33' lang='grc' dir='ltr'>ι</span> <span class='ocrx_word' id='word_1_795' title='bbox 1895 2375 1901 2380; x_wconf 42' lang='grc'><em>·</em></span> 
     </span>
     <span class='ocr_line' id='line_1_118' title="bbox 1037 2374 1935 2440; baseline -0.032 -8"><span class='ocrx_word' id='word_1_796' title='bbox 1037 2403 1110 2436; x_wconf 80' lang='lat' dir='ltr'>luas</span> <span class='ocrx_word' id='word_1_797' title='bbox 1136 2394 1244 2440; x_wconf 82' lang='lat' dir='ltr'>pilis,</span> <span class='ocrx_word' id='word_1_798' title='bbox 1270 2386 1487 2433; x_wconf 79' lang='lat' dir='ltr'>vibratisque</span> <span class='ocrx_word' id='word_1_799' title='bbox 1512 2388 1550 2419; x_wconf 89' lang='lat' dir='ltr'>in</span> <span class='ocrx_word' id='word_1_800' title='bbox 1577 2390 1687 2418; x_wconf 91' lang='lat' dir='ltr'>turres</span> <span class='ocrx_word' id='word_1_801' title='bbox 1700 2374 1866 2411; x_wconf 65' lang='lat' dir='ltr'>facibus,</span> <span class='ocrx_word' id='word_1_802' title='bbox 1894 2382 1935 2406; x_wconf 84' lang='lat' dir='ltr'>m</span> 
     </span>
     <span class='ocr_line' id='line_1_119' title="bbox 1037 2423 1938 2487; baseline -0.03 -11"><span class='ocrx_word' id='word_1_803' title='bbox 1037 2457 1075 2480; x_wconf 80' lang='lat' dir='ltr'>ea</span> <span class='ocrx_word' id='word_1_804' title='bbox 1099 2449 1216 2487; x_wconf 77' lang='lat' dir='ltr'>pugna</span> <span class='ocrx_word' id='word_1_805' title='bbox 1230 2437 1434 2471; x_wconf 79' lang='lat' dir='ltr'>vulneratos</span> <span class='ocrx_word' id='word_1_806' title='bbox 1448 2453 1458 2470; x_wconf 87' lang='lat'><strong>‚</strong></span> <span class='ocrx_word' id='word_1_807' title='bbox 1486 2440 1589 2477; x_wconf 88' lang='lat' dir='ltr'>atque</span> <span class='ocrx_word' id='word_1_808' title='bbox 1604 2431 1642 2462; x_wconf 90' lang='lat' dir='ltr'>in</span> <span class='ocrx_word' id='word_1_809' title='bbox 1655 2423 1774 2476; x_wconf 75' lang='lat' dir='ltr'>fugam</span> <span class='ocrx_word' id='word_1_810' title='bbox 1787 2429 1938 2453; x_wconf 88' lang='lat' dir='ltr'>conver-</span> 
     </span>
     <span class='ocr_line' id='line_1_120' title="bbox 1038 2463 1937 2525; baseline -0.032 -2"><span class='ocrx_word' id='word_1_811' title='bbox 1038 2490 1112 2525; x_wconf 83' lang='lat' dir='ltr'>sos:</span> <span class='ocrx_word' id='word_1_812' title='bbox 1138 2481 1263 2518; x_wconf 87' lang='lat' dir='ltr'>deinde</span> <span class='ocrx_word' id='word_1_813' title='bbox 1288 2481 1446 2522; x_wconf 65' lang='lat' dir='ltr'>subjeuftis</span> <span class='ocrx_word' id='word_1_814' title='bbox 1473 2480 1567 2511; x_wconf 90' lang='lat' dir='ltr'>inter</span> <span class='ocrx_word' id='word_1_815' title='bbox 1592 2471 1780 2519; x_wconf 72' lang='lat' dir='ltr'>posteriora</span> <span class='ocrx_word' id='word_1_816' title='bbox 1792 2476 1830 2519; x_wconf 76' lang='lat' dir='ltr'>ac</span> <span class='ocrx_word' id='word_1_817' title='bbox 1846 2463 1937 2516; x_wconf 85' lang='lat' dir='ltr'>mol-</span> 
     </span>
     <span class='ocr_line' id='line_1_121' title="bbox 1034 2506 1936 2577; baseline -0.034 -6"><span class='ocrx_word' id='word_1_818' title='bbox 1034 2537 1083 2570; x_wconf 86' lang='lat' dir='ltr'>lia</span> <span class='ocrx_word' id='word_1_819' title='bbox 1099 2528 1243 2577; x_wconf 81' lang='lat' dir='ltr'>ignibus</span> <span class='ocrx_word' id='word_1_820' title='bbox 1265 2530 1460 2571; x_wconf 70' lang='lat' dir='ltr'>exagitatos</span> <span class='ocrx_word' id='word_1_821' title='bbox 1476 2544 1488 2561; x_wconf 91' lang='lat'>,</span> <span class='ocrx_word' id='word_1_822' title='bbox 1504 2522 1615 2556; x_wconf 77' lang='lat' dir='ltr'>exitio</span> <span class='ocrx_word' id='word_1_823' title='bbox 1629 2518 1740 2552; x_wconf 87' lang='lat' dir='ltr'>etiam</span> <span class='ocrx_word' id='word_1_824' title='bbox 1766 2515 1833 2546; x_wconf 82' lang='lat' dir='ltr'>luis</span> <span class='ocrx_word' id='word_1_825' title='bbox 1845 2506 1936 2562; x_wconf 72' lang='lat' dir='ltr'>furs-</span> 
     </span>
     <span class='ocr_line' id='line_1_122' title="bbox 1034 2554 1943 2619; baseline -0.032 -4"><span class='ocrx_word' id='word_1_826' title='bbox 1034 2580 1086 2619; x_wconf 84' lang='lat' dir='ltr'>se,</span> <span class='ocrx_word' id='word_1_827' title='bbox 1111 2574 1190 2611; x_wconf 84' lang='lat' dir='ltr'>caesa</span> <span class='ocrx_word' id='word_1_828' title='bbox 1213 2572 1308 2612; x_wconf 78' lang='lat' dir='ltr'>idem</span> <span class='ocrx_word' id='word_1_829' title='bbox 1332 2569 1472 2606; x_wconf 75' lang='lat' dir='ltr'>Orosius</span> <span class='ocrx_word' id='word_1_830' title='bbox 1496 2568 1575 2602; x_wconf 90' lang='lat' dir='ltr'>vult</span> <span class='ocrx_word' id='word_1_831' title='bbox 1604 2567 1642 2598; x_wconf 88' lang='lat' dir='ltr'>in</span> <span class='ocrx_word' id='word_1_832' title='bbox 1657 2572 1695 2595; x_wconf 89' lang='lat' dir='ltr'>ea</span> <span class='ocrx_word' id='word_1_833' title='bbox 1721 2568 1838 2603; x_wconf 79' lang='lat' dir='ltr'>pugna</span> <span class='ocrx_word' id='word_1_834' title='bbox 1852 2554 1943 2608; x_wconf 51' lang='lat' dir='ltr'>furl-¹</span> 
     </span>
     <span class='ocr_line' id='line_1_123' title="bbox 1033 2605 1938 2672; baseline -0.032 -12"><span class='ocrx_word' id='word_1_835' title='bbox 1033 2626 1063 2661; x_wconf 88' lang='lat' dir='ltr'>se</span> <span class='ocrx_word' id='word_1_836' title='bbox 1086 2622 1246 2672; x_wconf 86' lang='lat' dir='ltr'>quinque</span> <span class='ocrx_word' id='word_1_837' title='bbox 1268 2618 1387 2653; x_wconf 83' lang='lat' dir='ltr'>&#39;millia</span> <span class='ocrx_word' id='word_1_838' title='bbox 1414 2619 1656 2650; x_wconf 85' lang='lat' dir='ltr'>Romanorum</span> <span class='ocrx_word' id='word_1_839' title='bbox 1673 2629 1684 2646; x_wconf 95' lang='lat'>,</span> <span class='ocrx_word' id='word_1_840' title='bbox 1710 2605 1751 2638; x_wconf 88' lang='lat' dir='ltr'>de</span> <span class='ocrx_word' id='word_1_841' title='bbox 1777 2609 1938 2654; x_wconf 67' lang='lat' dir='ltr'>exercitu</span> 
     </span>
     <span class='ocr_line' id='line_1_124' title="bbox 1031 2644 1939 2714; baseline -0.03 -9"><span class='ocrx_word' id='word_1_842' title='bbox 1031 2682 1114 2706; x_wconf 85' lang='lat' dir='ltr'>vero</span> <span class='ocrx_word' id='word_1_843' title='bbox 1139 2666 1259 2714; x_wconf 86' lang='lat' dir='ltr'>Pyrrhi</span> <span class='ocrx_word' id='word_1_844' title='bbox 1282 2664 1416 2708; x_wconf 73' lang='lat' dir='ltr'>viginti</span> <span class='ocrx_word' id='word_1_845' title='bbox 1445 2659 1561 2695; x_wconf 89' lang='lat' dir='ltr'>millia</span> <span class='ocrx_word' id='word_1_846' title='bbox 1584 2654 1749 2703; x_wconf 80' lang='lat' dir='ltr'>prostrata</span> <span class='ocrx_word' id='word_1_847' title='bbox 1764 2650 1869 2701; x_wconf 45' lang='lat' dir='ltr'>‚dive</span> <span class='ocrx_word' id='word_1_848' title='bbox 1881 2644 1939 2698; x_wconf 81' lang='lat' dir='ltr'>dr-</span> 
     </span>
     <span class='ocr_line' id='line_1_125' title="bbox 1031 2693 1939 2759; baseline -0.033 -6"><span class='ocrx_word' id='word_1_849' title='bbox 1031 2714 1144 2753; x_wconf 85' lang='lat' dir='ltr'>midia</span> <span class='ocrx_word' id='word_1_850' title='bbox 1167 2723 1242 2759; x_wconf 78' lang='lat' dir='ltr'>pars</span> <span class='ocrx_word' id='word_1_851' title='bbox 1261 2711 1435 2746; x_wconf 79' lang='lat' dir='ltr'>exercitus</span> <span class='ocrx_word' id='word_1_852' title='bbox 1454 2702 1575 2740; x_wconf 80' lang='lat' dir='ltr'>amiffa</span> <span class='ocrx_word' id='word_1_853' title='bbox 1590 2723 1601 2739; x_wconf 84' lang='lat'>,</span> <span class='ocrx_word' id='word_1_854' title='bbox 1626 2709 1666 2734; x_wconf 90' lang='lat' dir='ltr'>ut</span> <span class='ocrx_word' id='word_1_855' title='bbox 1689 2693 1939 2749; x_wconf 36' lang='lat' dir='ltr'>scr&#39;ibitJulius</span> 
     </span>
     <span class='ocr_line' id='line_1_126' title="bbox 1032 2743 1940 2800; baseline -0.033 -2"><span class='ocrx_word' id='word_1_856' title='bbox 1032 2762 1245 2798; x_wconf 80' lang='lat' dir='ltr'>Frontinus:</span> <span class='ocrx_word' id='word_1_857' title='bbox 1275 2757 1377 2800; x_wconf 80' lang='lat' dir='ltr'>Regis</span> <span class='ocrx_word' id='word_1_858' title='bbox 1391 2751 1541 2797; x_wconf 74' lang='lat' dir='ltr'>insignia</span> <span class='ocrx_word' id='word_1_859' title='bbox 1559 2746 1675 2781; x_wconf 85' lang='lat' dir='ltr'>ablata</span> <span class='ocrx_word' id='word_1_860' title='bbox 1699 2752 1776 2794; x_wconf 39' lang='lat' dir='ltr'>trra·</span> <span class='ocrx_word' id='word_1_861' title='bbox 1792 2743 1940 2785; x_wconf 81' lang='lat' dir='ltr'>&amp;quin-</span> 
     </span>
     <span class='ocr_line' id='line_1_127' title="bbox 1029 2779 1935 2855; baseline -0.029 -15"><span class='ocrx_word' id='word_1_862' title='bbox 1029 2807 1223 2855; x_wconf 76' lang='lat' dir='ltr'>quaginta,</span> <span class='ocrx_word' id='word_1_863' title='bbox 1251 2804 1493 2836; x_wconf 64' lang='lat' dir='ltr'>Romanorum</span> <span class='ocrx_word' id='word_1_864' title='bbox 1519 2793 1686 2828; x_wconf 86' lang='lat' dir='ltr'>undecim</span> <span class='ocrx_word' id='word_1_865' title='bbox 1709 2784 1854 2823; x_wconf 83' lang='lat' dir='ltr'>amiffa,</span> <span class='ocrx_word' id='word_1_866' title='bbox 1880 2779 1935 2816; x_wconf 85' lang='lat' dir='ltr'>sed.</span> 
     </span>
     <span class='ocr_line' id='line_1_128' title="bbox 1028 2838 1936 2888; baseline -0.03 -2"><span class='ocrx_word' id='word_1_867' title='bbox 1028 2855 1099 2888; x_wconf 77' lang='lat' dir='ltr'>haec</span> <span class='ocrx_word' id='word_1_868' title='bbox 1125 2861 1175 2883; x_wconf 87' lang='lat' dir='ltr'>res</span> <span class='ocrx_word' id='word_1_869' title='bbox 1203 2851 1300 2882; x_wconf 88' lang='lat' dir='ltr'>varie</span> <span class='ocrx_word' id='word_1_870' title='bbox 1322 2845 1499 2880; x_wconf 81' lang='lat' dir='ltr'>traditur:</span> <span class='ocrx_word' id='word_1_871' title='bbox 1527 2849 1609 2874; x_wconf 84' lang='lat' dir='ltr'>nam</span> <span class='ocrx_word' id='word_1_872' title='bbox 1635 2841 1757 2888; x_wconf 79' lang='lat' dir='ltr'>praeter</span> <span class='ocrx_word' id='word_1_873' title='bbox 1778 2843 1842 2885; x_wconf 79' lang='lat' dir='ltr'>ea,</span> <span class='ocrx_word' id='word_1_874' title='bbox 1860 2838 1936 2882; x_wconf 80' lang='lat' dir='ltr'>quae</span> 
     </span>
     <span class='ocr_line' id='line_1_129' title="bbox 1029 2878 1939 2933; baseline -0.029 -2"><span class='ocrx_word' id='word_1_875' title='bbox 1029 2897 1120 2932; x_wconf 53' lang='lat' dir='ltr'>dits-&#39;ta</span> <span class='ocrx_word' id='word_1_876' title='bbox 1149 2893 1257 2930; x_wconf 83' lang='lat' dir='ltr'>sunt,</span> <span class='ocrx_word' id='word_1_877' title='bbox 1284 2894 1528 2933; x_wconf 84' lang='lat' dir='ltr'>Hieronymus</span> <span class='ocrx_word' id='word_1_878' title='bbox 1552 2906 1564 2923; x_wconf 87' lang='lat'>,</span> <span class='ocrx_word' id='word_1_879' title='bbox 1588 2891 1688 2921; x_wconf 71' lang='lat' dir='ltr'>culus</span> <span class='ocrx_word' id='word_1_880' title='bbox 1715 2878 1939 2913; x_wconf 75' lang='lat' dir='ltr'>testimonio,</span> 
     </span>
     <span class='ocr_line' id='line_1_130' title="bbox 1028 2919 1940 2979; baseline -0.027 -2"><span class='ocrx_word' id='word_1_881' title='bbox 1028 2946 1059 2978; x_wconf 69' lang='lat' dir='ltr'>Sc</span> <span class='ocrx_word' id='word_1_882' title='bbox 1085 2939 1291 2975; x_wconf 55' lang='lat' dir='ltr'>:metor-itate</span> <span class='ocrx_word' id='word_1_883' title='bbox 1314 2945 1353 2968; x_wconf 90' lang='lat' dir='ltr'>ut</span> <span class='ocrx_word' id='word_1_884' title='bbox 1369 2929 1692 2979; x_wconf 84' lang='lat' dir='ltr'>plurimumutitur</span> <span class='ocrx_word' id='word_1_885' title='bbox 1719 2919 1940 2957; x_wconf 83' lang='lat' dir='ltr'>Plutarchus,</span> 
     </span>
    </p>
   </div>
   <div class='ocr_carea' id='block_1_42' title="bbox 834 2962 1941 3023">
    <p class='ocr_par' dir='ltr' id='par_1_43' title="bbox 834 2962 1941 3023">
     <span class='ocr_line' id='line_1_131' title="bbox 834 2962 1941 3023; baseline -0.01 -5"><span class='ocrx_word' id='word_1_886' title='bbox 834 2983 888 3018; x_wconf 87' lang='lat' dir='ltr'>sed</span> <span class='ocrx_word' id='word_1_887' title='bbox 903 2981 1085 3023; x_wconf 83' lang='lat' dir='ltr'>haechex</span> <span class='ocrx_word' id='word_1_888' title='bbox 1124 2988 1364 3019; x_wconf 82' lang='lat' dir='ltr'>Romanorum</span> <span class='ocrx_word' id='word_1_889' title='bbox 1401 2979 1517 3013; x_wconf 86' lang='lat' dir='ltr'>millia</span> <span class='ocrx_word' id='word_1_890' title='bbox 1555 2986 1596 3009; x_wconf 90' lang='lat' dir='ltr'>eo</span> <span class='ocrx_word' id='word_1_891' title='bbox 1619 2971 1738 3019; x_wconf 70' lang='lat' dir='ltr'>praelio</span> <span class='ocrx_word' id='word_1_892' title='bbox 1774 2962 1941 3001; x_wconf 67' lang='lat' dir='ltr'>CCCldlsS‘</span> 
     </span>
    </p>
   </div>
   <div class='ocr_carea' id='block_1_43' title="bbox 1029 3018 1944 3481">
    <p class='ocr_par' dir='ltr' id='par_1_44' title="bbox 1029 3018 1944 3481">
     <span class='ocr_line' id='line_1_132' title="bbox 1031 3018 1943 3073; baseline -0.027 -6"><span class='ocrx_word' id='word_1_893' title='bbox 1031 3030 1141 3068; x_wconf 86' lang='lat' dir='ltr'>tradit</span> <span class='ocrx_word' id='word_1_894' title='bbox 1156 3051 1166 3068; x_wconf 84' lang='lat'><strong>‚</strong></span> <span class='ocrx_word' id='word_1_895' title='bbox 1183 3041 1199 3062; x_wconf 89' lang='lat' dir='ltr'>a</span> <span class='ocrx_word' id='word_1_896' title='bbox 1217 3027 1346 3073; x_wconf 87' lang='lat' dir='ltr'>Pyrrho</span> <span class='ocrx_word' id='word_1_897' title='bbox 1368 3033 1509 3062; x_wconf 85' lang='lat' dir='ltr'>autem,</span> <span class='ocrx_word' id='word_1_898' title='bbox 1523 3024 1561 3057; x_wconf 90' lang='lat' dir='ltr'>in</span> <span class='ocrx_word' id='word_1_899' title='bbox 1577 3018 1696 3069; x_wconf 70' lang='lat' dir='ltr'>Regiis</span> <span class='ocrx_word' id='word_1_900' title='bbox 1714 3020 1943 3068; x_wconf 33' lang='lat' dir='ltr'>‘commenta-</span> 
     </span>
     <span class='ocr_line' id='line_1_133' title="bbox 1031 3061 1936 3114; baseline -0.029 0"><span class='ocrx_word' id='word_1_901' title='bbox 1031 3081 1094 3114; x_wconf 87' lang='lat' dir='ltr'>riis</span> <span class='ocrx_word' id='word_1_902' title='bbox 1119 3076 1270 3111; x_wconf 87' lang='lat' dir='ltr'>relatum</span> <span class='ocrx_word' id='word_1_903' title='bbox 1298 3071 1363 3105; x_wconf 86' lang='lat' dir='ltr'>esse</span> <span class='ocrx_word' id='word_1_904' title='bbox 1387 3071 1476 3105; x_wconf 84' lang='lat' dir='ltr'>dicit</span> <span class='ocrx_word' id='word_1_905' title='bbox 1493 3090 1505 3107; x_wconf 88' lang='lat'><strong>‚</strong></span> <span class='ocrx_word' id='word_1_906' title='bbox 1530 3067 1599 3102; x_wconf 87' lang='lat' dir='ltr'>tria</span> <span class='ocrx_word' id='word_1_907' title='bbox 1629 3062 1747 3096; x_wconf 79' lang='lat' dir='ltr'>millia</span> <span class='ocrx_word' id='word_1_908' title='bbox 1769 3061 1799 3093; x_wconf 73' lang='lat' dir='ltr'>Sc</span> <span class='ocrx_word' id='word_1_909' title='bbox 1825 3067 1936 3106; x_wconf 58' lang='lat' dir='ltr'>quin·</span> 
     </span>
     <span class='ocr_line' id='line_1_134' title="bbox 1029 3107 1939 3171; baseline -0.025 -14"><span class='ocrx_word' id='word_1_910' title='bbox 1029 3132 1153 3171; x_wconf 82' lang='lat' dir='ltr'>gentos</span> <span class='ocrx_word' id='word_1_911' title='bbox 1174 3122 1332 3165; x_wconf 83' lang='lat' dir='ltr'>quinque</span> <span class='ocrx_word' id='word_1_912' title='bbox 1356 3114 1459 3151; x_wconf 88' lang='lat' dir='ltr'>fuisse</span> <span class='ocrx_word' id='word_1_913' title='bbox 1481 3111 1686 3147; x_wconf 74' lang='lat' dir='ltr'>desideratos</span> <span class='ocrx_word' id='word_1_914' title='bbox 1707 3125 1717 3138; x_wconf 63' lang='grc' dir='ltr'>ι</span> <span class='ocrx_word' id='word_1_915' title='bbox 1749 3107 1939 3148; x_wconf 76' lang='lat' dir='ltr'>Dionysius</span> 
     </span>
     <span class='ocr_line' id='line_1_135' title="bbox 1030 3146 1942 3204; baseline -0.026 -1"><span class='ocrx_word' id='word_1_916' title='bbox 1030 3179 1150 3204; x_wconf 86' lang='lat' dir='ltr'>tamen</span> <span class='ocrx_word' id='word_1_917' title='bbox 1167 3175 1233 3199; x_wconf 89' lang='lat' dir='ltr'>nec</span> <span class='ocrx_word' id='word_1_918' title='bbox 1258 3163 1343 3197; x_wconf 83' lang='lat' dir='ltr'>duas</span> <span class='ocrx_word' id='word_1_919' title='bbox 1371 3162 1411 3196; x_wconf 88' lang='lat' dir='ltr'>ad</span> <span class='ocrx_word' id='word_1_920' title='bbox 1428 3158 1599 3195; x_wconf 78' lang='lat' dir='ltr'>Asculum</span> <span class='ocrx_word' id='word_1_921' title='bbox 1623 3162 1783 3198; x_wconf 76' lang='lat' dir='ltr'>pugnaS,</span> <span class='ocrx_word' id='word_1_922' title='bbox 1808 3158 1872 3184; x_wconf 88' lang='lat' dir='ltr'>nec</span> <span class='ocrx_word' id='word_1_923' title='bbox 1886 3146 1942 3181; x_wconf 85' lang='lat' dir='ltr'>su-</span> 
     </span>
     <span class='ocr_line' id='line_1_136' title="bbox 1032 3195 1942 3261; baseline -0.023 -14"><span class='ocrx_word' id='word_1_924' title='bbox 1032 3222 1169 3261; x_wconf 85' lang='lat' dir='ltr'>peratos</span> <span class='ocrx_word' id='word_1_925' title='bbox 1197 3207 1298 3242; x_wconf 83' lang='lat' dir='ltr'>refert</span> <span class='ocrx_word' id='word_1_926' title='bbox 1327 3211 1502 3243; x_wconf 83' lang='lat' dir='ltr'>Romanos</span> <span class='ocrx_word' id='word_1_927' title='bbox 1524 3225 1536 3242; x_wconf 85' lang='lat'>,</span> <span class='ocrx_word' id='word_1_928' title='bbox 1572 3213 1612 3236; x_wconf 89' lang='lat' dir='ltr'>ac</span> <span class='ocrx_word' id='word_1_929' title='bbox 1639 3197 1743 3233; x_wconf 84' lang='lat' dir='ltr'>semel</span> <span class='ocrx_word' id='word_1_930' title='bbox 1766 3195 1942 3232; x_wconf 74' lang='lat' dir='ltr'>duntaxat</span> 
     </span>
     <span class='ocr_line' id='line_1_137' title="bbox 1032 3244 1942 3305; baseline -0.022 -13"><span class='ocrx_word' id='word_1_931' title='bbox 1032 3258 1139 3305; x_wconf 88' lang='lat' dir='ltr'>usque</span> <span class='ocrx_word' id='word_1_932' title='bbox 1165 3257 1207 3289; x_wconf 81' lang='lat' dir='ltr'>ad</span> <span class='ocrx_word' id='word_1_933' title='bbox 1233 3251 1312 3288; x_wconf 88' lang='lat' dir='ltr'>solis</span> <span class='ocrx_word' id='word_1_934' title='bbox 1340 3249 1501 3286; x_wconf 87' lang='lat' dir='ltr'>occasum</span> <span class='ocrx_word' id='word_1_935' title='bbox 1529 3254 1753 3295; x_wconf 78' lang='lat' dir='ltr'>pugnaturn,</span> <span class='ocrx_word' id='word_1_936' title='bbox 1779 3244 1841 3276; x_wconf 83' lang='lat' dir='ltr'>vix</span> <span class='ocrx_word' id='word_1_937' title='bbox 1861 3250 1942 3274; x_wconf 86' lang='lat' dir='ltr'>tan-</span> 
     </span>
     <span class='ocr_line' id='line_1_138' title="bbox 1033 3291 1944 3347; baseline -0.021 -8"><span class='ocrx_word' id='word_1_938' title='bbox 1033 3306 1114 3339; x_wconf 88' lang='lat' dir='ltr'>dem</span> <span class='ocrx_word' id='word_1_939' title='bbox 1137 3301 1296 3347; x_wconf 64' lang='lat' dir='ltr'>praelium</span> <span class='ocrx_word' id='word_1_940' title='bbox 1317 3298 1536 3342; x_wconf 83' lang='lat' dir='ltr'>diremptum</span> <span class='ocrx_word' id='word_1_941' title='bbox 1563 3293 1709 3328; x_wconf 86' lang='lat' dir='ltr'>vulnere</span> <span class='ocrx_word' id='word_1_942' title='bbox 1723 3311 1744 3340; x_wconf 56' lang='grc' dir='ltr'>,Ὦ</span> <span class='ocrx_word' id='word_1_943' title='bbox 1761 3299 1845 3322; x_wconf 89' lang='lat' dir='ltr'>cum</span> <span class='ocrx_word' id='word_1_944' title='bbox 1863 3291 1944 3332; x_wconf 80' lang='lat' dir='ltr'>Pyr·</span> 
     </span>
     <span class='ocr_line' id='line_1_139' title="bbox 1035 3335 1943 3384; baseline -0.022 0"><span class='ocrx_word' id='word_1_945' title='bbox 1035 3351 1116 3384; x_wconf 89' lang='lat' dir='ltr'>rhus</span> <span class='ocrx_word' id='word_1_946' title='bbox 1133 3347 1229 3382; x_wconf 69' lang='lat' dir='ltr'>unasta</span> <span class='ocrx_word' id='word_1_947' title='bbox 1254 3344 1440 3378; x_wconf 83' lang='lat' dir='ltr'>brachium</span> <span class='ocrx_word' id='word_1_948' title='bbox 1471 3339 1660 3376; x_wconf 75' lang='lat' dir='ltr'>transfixus</span> <span class='ocrx_word' id='word_1_949' title='bbox 1685 3358 1697 3375; x_wconf 98' lang='lat'>,</span> <span class='ocrx_word' id='word_1_950' title='bbox 1724 3339 1792 3370; x_wconf 81' lang='lat' dir='ltr'>live</span> <span class='ocrx_word' id='word_1_951' title='bbox 1817 3335 1943 3368; x_wconf 83' lang='lat' dir='ltr'>hume-</span> 
     </span>
     <span class='ocr_line' id='line_1_140' title="bbox 1036 3376 1939 3429; baseline -0.022 0"><span class='ocrx_word' id='word_1_952' title='bbox 1036 3407 1074 3429; x_wconf 89' lang='lat' dir='ltr'>ro</span> <span class='ocrx_word' id='word_1_953' title='bbox 1099 3391 1238 3427; x_wconf 83' lang='lat' dir='ltr'>saucius</span> <span class='ocrx_word' id='word_1_954' title='bbox 1260 3402 1277 3423; x_wconf 92' lang='lat' dir='ltr'>a</span> <span class='ocrx_word' id='word_1_955' title='bbox 1294 3385 1506 3423; x_wconf 82' lang='lat' dir='ltr'>satellitibus</span> <span class='ocrx_word' id='word_1_956' title='bbox 1530 3388 1570 3420; x_wconf 86' lang='lat' dir='ltr'>in</span> <span class='ocrx_word' id='word_1_957' title='bbox 1582 3385 1690 3420; x_wconf 85' lang='lat' dir='ltr'>armis</span> <span class='ocrx_word' id='word_1_958' title='bbox 1713 3379 1782 3416; x_wconf 77' lang='lat' dir='ltr'>suis</span> <span class='ocrx_word' id='word_1_959' title='bbox 1799 3376 1939 3422; x_wconf 75' lang='lat' dir='ltr'>fugien-</span> 
     </span>
     <span class='ocr_line' id='line_1_141' title="bbox 1034 3425 1943 3481; baseline -0.017 -9"><span class='ocrx_word' id='word_1_960' title='bbox 1034 3442 1129 3473; x_wconf 90' lang='lat' dir='ltr'>tium</span> <span class='ocrx_word' id='word_1_961' title='bbox 1153 3436 1343 3481; x_wconf 80' lang='lat' dir='ltr'>postremus</span> <span class='ocrx_word' id='word_1_962' title='bbox 1366 3432 1558 3467; x_wconf 87' lang='lat' dir='ltr'>referretur</span> <span class='ocrx_word' id='word_1_963' title='bbox 1584 3454 1596 3471; x_wconf 88' lang='lat'>‚</span> <span class='ocrx_word' id='word_1_964' title='bbox 1630 3432 1661 3463; x_wconf 72' lang='lat' dir='ltr'>Sc</span> <span class='ocrx_word' id='word_1_965' title='bbox 1686 3425 1943 3469; x_wconf 75' lang='lat' dir='ltr'>impedimenta</span> 
     </span>
    </p>
   </div>
   <div class='ocr_carea' id='block_1_44' title="bbox 1033 3472 1944 3551">
    <p class='ocr_par' dir='ltr' id='par_1_45' title="bbox 1033 3472 1944 3551">
     <span class='ocr_line' id='line_1_142' title="bbox 1033 3472 1944 3548; baseline -0.02 -29"><span class='ocrx_word' id='word_1_966' title='bbox 1033 3485 1206 3520; x_wconf 74' lang='lat' dir='ltr'>samnites</span> <span class='ocrx_word' id='word_1_967' title='bbox 1231 3481 1430 3527; x_wconf 83' lang='lat' dir='ltr'>diriperent</span> <span class='ocrx_word' id='word_1_968' title='bbox 1454 3489 1465 3512; x_wconf 74' lang='grc' dir='ltr'><strong><em>τ</em></strong></span> <span class='ocrx_word' id='word_1_969' title='bbox 1489 3476 1622 3512; x_wconf 84' lang='lat' dir='ltr'>dicitur</span> <span class='ocrx_word' id='word_1_970' title='bbox 1649 3472 1878 3548; x_wconf 57' lang='lat' dir='ltr'>Pyrrhussind</span> <span class='ocrx_word' id='word_1_971' title='bbox 1891 3481 1944 3504; x_wconf 86' lang='lat' dir='ltr'>re-</span> 
     </span>
     <span class='ocr_line' id='line_1_143' title="bbox 1731 3527 1902 3551; baseline -0.006 0"><span class='ocrx_word' id='word_1_972' title='bbox 1731 3527 1795 3551; x_wconf 71' lang='lat' dir='ltr'>cen</span> <span class='ocrx_word' id='word_1_973' title='bbox 1814 3527 1856 3549; x_wconf 75' lang='grc' dir='ltr'>ΕΠ</span> <span class='ocrx_word' id='word_1_974' title='bbox 1883 3527 1902 3550; x_wconf 87' lang='grc'><strong>0</strong></span> 
     </span>
    </p>
   </div>
  </div>
 </body>
</html>
