2404 3882
251 331 283 388 Ξ
295 335 330 390 3

101 450 188 505 ιη
201 392 981 512 *iiiaiiaiiiffi

417 564 494 601 Nde
506 578 589 601 meae
599 568 721 609 patriae
731 568 857 613 quaeris
866 565 907 603 fit
919 578 983 602 no.

478 625 559 647 men
574 613 734 659 Olympi.

429 657 573 693 Subdita
594 656 797 693 flammiferi
812 668 885 704 quo
897 669 981 694 nam

240 738 255 744 ,,
475 706 658 749 iaceatque
672 700 735 737 sub
751 714 814 739 axe
830 702 847 738 ἓ

174 764 181 790 3
202 768 213 797 3
256 758 271 796 2
324 770 326 772 -
429 751 508 796 Spes
522 751 661 794 ingens,
675 747 800 784 utfine
815 748 985 793 mi'hi,do-‘

240 788 245 797 λ
474 805 591 840 noque
600 790 727 829 decoro

477 885 640 920 decorate
653 882 790 922 sororis:

93 931 221 967 Dicam
232 929 415 979 equidem,
427 941 493 965 nec
506 930 590 967 ruffa
605 928 717 967 finam
731 934 824 969 mihi
840 932 909 970 fint
922 939 984 967 tua

92 1020 248 1059 Aonides
262 989 413 1057 disti-laidis
425 1018 580 1067 aspirent
602 1019 796 1058 dummodo
810 1026 937 1072 coeptis

91 1067 224 1102 Nostris
236 1090 248 1107 ‚
269 1071 300 1103 ὅ(
315 1077 441 1103 vatum
456 1067 651 1103 facundum
665 1079 798 1104 numen
817 1070 960 1117 Apollo:

87 1116 144 1150 En
164 1114 277 1160 igitur
297 1113 391 1149 mihi
415 1112 524 1149 adeste
551 1123 671 1160 precor
696 1135 709 1154 ,
744 1115 836 1150 mihi
872 1113 982 1151 adeste

87 1204 257 1254 Lybethri
284 1159 631 1252 eqellaeNymphaeque
653 1203 764 1241 undas
787 1216 863 1253 quae
897 1204 980 1241 dul-

265 1253 317 1285 cis
344 1253 492 1287 Arochae
932 1268 934 1271 ·

86 1298 248 1334 Incolitis
256 1296 408 1343 gelidas,
424 1309 491 1343 qua
507 1295 538 1331 se
553 1299 711 1332 Petrarus
724 1301 875 1334 Amoena

365 241 778 287 FRANCISCI
818 241 1058 291 GRANI
1093 242 1671 291 CROPONITANI.

1803 262 1885 301 350

341 334 375 390 A
388 335 466 390 aa
479 337 513 391 A
524 337 560 393 ὲ
572 337 605 391 ὲ
617 337 652 391 A
663 337 697 393 λ
708 336 790 394 aa
802 340 835 395 ἐ
849 340 881 394 ἑ
895 340 928 396 ἐ
939 341 975 398 2
993 341 1033 384 A
1049 337 1232 375 Musarum
1244 348 1382 375 montes
1392 352 1557 388 ‘inarum‘
1567 340 1742 386 vallesque
1757 343 1894 388 repostae

1049 384 1195 421 Affiduo
1208 384 1369 422 resonant
1381 395 1505 424 cantu,
1519 384 1717 431 fidibusque
1730 389 1895 425 Canoris.

1042 433 1167 478 Teque
1183 438 1319 509 cagunt
1340 452 1354 472 ,
1379 441 1581 476 nomenque
1603 440 1708 468 tuum
1735 445 1794 478 per
1820 434 1942 472 laecula

1041 485 1471 559 Teutonicezuihlgdlumes
1483 522 1607 558 Litelli
1619 523 1755 569 primus
1769 523 1811 559 ad
1826 525 1937 562 undas

1039 568 1118 612 Qui
1132 565 1305 604 deduxisti
1320 568 1461 616 Cyrrhae
1475 567 1628 604 salvator
1640 571 1684 604 ab
1698 570 1783 604 oris.

1042 615 1142 649 Hinc
1159 621 1192 646 te
1206 611 1403 660 praefidium
1418 614 1522 648 terris
1533 612 1656 649 misere
1673 613 1828 659 benigna

1041 659 1206 695 Numina
1233 670 1243 694 z
1265 669 1331 713 ceu
1352 656 1533 706 quondam
1546 659 1624 696 Nili
1642 659 1889 706 Philadelphus
1902 663 1942 701 in,

1041 750 1198 786 Lumina
1223 715 1409 787 gbiistituit
1437 752 1596 798 requiem
1611 751 1802 796 praebentia
1819 754 1940 788 nautis

1041 798 1157 832 Rocca
1168 794 1273 831 'decus
1284 795 1476 832 Calabrum
1488 806 1622 832 naturae
1643 795 1778 833 conscie
1791 798 1939 835 cun-fix.

427 840 520 875 Mite
556 836 835 885 quadrigeminae
869 841 1031 889 pefflusB
1043 843 1271 888 Corporacui
1286 842 1391 875 toties
1405 843 1718 878 animasmortalia
1738 842 1871 880 debent
1918 861 1922 867 ·

1044 890 1072 923 E
1087 886 1231 922 latebris
1245 885 1362 939 stygiis
1377 885 1509 932 superis
1524 899 1584 934 per
1596 898 1629 923 te
1644 897 1835 924 revocatas.

1033 936 1132 979 >Saepe
1157 942 1220 977 ego
1233 953 1245 971 ‚
1271 942 1329 965 cur
1345 934 1478 967 veritus
1489 945 1532 967 ne
1544 935 1705 979 Iuppiter
1718 931 1786 978 ipse
1801 933 1935 971 furores

1040 979 1264 1024 Conciperet:
1278 976 1399 1013 doelus
1413 989 1496 1013 nam
1508 976 1554 1012 fic
1570 977 1781 1025 Epidaurius
1795 981 1886 1015 olim

1040 1023 1154 1058 Passus
1164 1031 1259 1057 erat:
1277 1022 1367 1057 casto
1377 1021 1464 1059 dum
1478 1022 1597 1058 dulcia
1613 1025 1749 1058 lumina
1763 1026 1845 1060 vitae

1039 1066 1210 1104 Redderet
1224 1068 1424 1114 Hippolyto
1436 1090 1450 1110 ‚
1475 1067 1641 1113 superum
1657 1071 1687 1103 Sc
1702 1079 1881 1106 revocaret
1894 1070 1938 1106 act

1122 1138 1129 1142 -
1219 1124 1334 1147 auras.

1039 1161 1121 1195 Non
1135 1159 1185 1194 ita
1196 1180 1208 1198 ,
1218 1158 1273 1193 sed
1288 1155 1385 1205 spero
1397 1160 1583 1205 continget
1598 1186 1607 1194 .
1633 1161 1793 1206 Iuppiter
1807 1163 1934 1207 ingens

1037 1207 1191 1251 Nanque'
1210 1206 1399 1241 hominum
1427 1203 1555 1241 sortem
1577 1207 1735 1242 multum
1748 1205 1937 1243 miseratus

1223 1253 1400 1298 iniquam.

1037 1299 1090 1332 Te
1104 1295 1201 1333 dedit
1215 1299 1414 1332 innumeris
1427 1296 1505 1334 orbi
1519 1297 1721 1335 virtutibus
1734 1309 1866 1339 arcem,

87 1339 254 1379 Effundit
267 1354 328 1390 per
340 1352 438 1389 prata
453 1353 561 1387 vagus
571 1363 582 1382 ‚
595 1342 655 1376 cui
670 1345 817 1386 pulcher
833 1344 1021 1393 Arochaec
1035 1347 1089 1378 Ne
1102 1354 1212 1389 genus
1226 1343 1428 1380 humanum
1451 1353 1567 1379 rueret
1593 1344 1656 1379 sub
1667 1352 1802 1380 tartara
1828 1349 1937 1382 tetra:

85 1388 142 1424 Ah
157 1389 314 1423 nimium
326 1390 464 1435 placuit
475 1389 606 1423 candor
619 1410 631 1426 ‚
644 1387 978 1437 nocuitq3superbae.

85 1435 180 1469 Nam
202 1434 357 1514 Crolpani
385 1444 459 1470 tam
486 1430 599 1481 prisca
622 1429 710 1470 senis
735 1447 797 1471 vos
823 1444 983 1483 tempora

279 1481 374 1515 citis.

86 1528 134 1562 Sae
160 1537 178 1561 e
189 1525 295 1562 illum
310 1525 445 1561 vidistis
457 1526 555 1560 enim
569 1523 654 1562 dum
680 1527 838 1562 carmine
863 1525 984 1564 vestris

85 1537 286 1612 Arboribus
298 1572 470 1608 mulceret
484 1583 566 1605 oves
579 1593 590 1610 ‚
618 1581 847 1618 armentaque
869 1580 982 1618 grato.

135 1617 192 1653 Est
206 1616 305 1652 Italis
315 1616 536 1663 inter-politas
547 1619 583 1651 in
597 1616 731 1652 finibus
746 1619 846 1653 urbes
858 1642 870 1660 ‚
958 1659 959 1662 Ἴ

86 1664 282 1708 Partenope
292 1673 378 1708 quas
390 1663 487 1697 dosia
500 1665 593 1708 regit
603 1685 613 1702 ‚
630 1662 797 1709 claroque
809 1675 869 1711 per
887 1665 982 1700 errat

83 1707 251 1743 Flumine
266 1707 775 1755 SebethuszMartis‚Phebique
789 1711 979 1755 triumphis

87 1752 258 1788 Sebethus
267 1751 376 1788 viridi
389 1752 576 1788 redimitus
590 1762 747 1801 tempora
757 1764 888 1801 myrto.

85 1797 144 1834 Est
171 1803 320 1842 inquam
342 1800 437 1843 regio
451 1797 578 1834 divum
590 1798 680 1835 bene
691 1804 833 1846 cognita
855 1799 976 1837 sacris:

88 1841 282 1879 Hortiferis
295 1846 402 1879 armis
412 1865 422 1882 ‚
439 1846 469 1877 ὃ(
480 1844 637 1890 praestans
648 1845 754 1882 ubere
763 1846 884 1892 glebae‚

84 1891 133 1924 Et
147 1886 272 1935 sophiae
288 1888 407 1923 studiis
420 1912 431 1928 ‚
447 1891 578 1924 &iuris
594 1889 770 1936 splendida
786 1904 904 1927 onore·

81 1935 308 1975 Trinacriam
323 1935 406 1970 laeva
419 1935 541 1970 dextra
554 1958 564 1976 ‚
580 1935 633 1971 sed
643 1937 787 1984 Japygis
801 1950 883 1972 arva

1039 1389 1144 1424 Salve·
1154 1389 1291 1425 leth‘aeas
1304 1400 1364 1436 per
1375 1401 1482 1437 quem
1495 1389 1701 1426 defleximus
1717 1389 1841 1431 undas,

1041 1437 1149 1479 Saerus
1161 1437 1242 1470 &in
1258 1437 1389 1471 coelum
1404 1435 1540 1475 redeas,
1557 1436 1735 1483 stellasque
1744 1437 1934 1473 micantes.

1090 1480 1388 1517 Illustrantetiam
1403 1480 1568 1517 Calabras
1583 1484 1786 1517 munimine
1801 1491 1931 1523 terras,

1041 1528 1088 1561 Et
1102 1524 1197 1561 fama
1210 1529 1351 1574 antiqui
1366 1527 1560 1575 praestantia
1571 1527 1648 1562 saxa
1663 1528 1842 1563 Crotonis.

1038 1573 1122 1618 Qo
1135 1571 1234 1607 samii
1245 1573 1424 1618 quondam
1439 1572 1712 1608 facundiadot‘la
1725 1572 1931 1609 cathedram

1040 1619 1146 1652 Rexit
1160 1640 1171 1657 ‚
1187 1619 1217 1652 δι
1235 1620 1469 1665 Harpocrates
1483 1618 1598 1664 digito
1611 1618 1667 1653 sua
1685 1621 1761 1654 iura
1776 1618 1933 1655 tenebat.

1040 1664 1120 1698 Non
1137 1674 1225 1708 opus
1237 1662 1281 1698 est
1296 1664 1408 1698 nostro
1421 1664 1505 1711 quid
1518 1665 1560 1700 fit
1571 1663 1677 1700 modo
1691 1664 1805 1700 dicere
1819 1663 1932 1703 versu,

1037 1711 1189 1754 Nanque
1203 1718 1299 1752 patet
1312 1708 1448 1753 scriptis
1462 1718 1803 1757 graecorum‚quanta
1816 1709 1856 1744 sit
1873 1711 1933 1745 illi

1037 1757 1083 1789 Et
1100 1756 1338 1789 Romanorum
1349 1757 1543 1801 praestantia
1556 1777 1568 1794 ‚
1590 1767 1710 1790 nonne
1735 1753 1883 1789 salubris

1035 1801 1227 1834 Materiam
1238 1800 1370 1836 chartis
1381 1799 1421 1835 de
1435 1799 1467 1836 se
1479 1800 1577 1837 dedit
1591 1799 1760 1836 omnibus
1774 1812 1831 1834 aer
1845 1800 1862 1834 ?

976 1859 1020 1899 D
1035 1848 1138 1881 Hanc
1149 1847 1267 1881 Numa
1284 1857 1342 1892 per
1352 1845 1525 1882 celebrem
1540 1845 1623 1883 vilic
1636 1868 1648 1886 ‚
1676 1846 1751 1893 post
1763 1855 1859 1893 terga
1874 1858 1928 1891 ref

1214 1892 1307 1927 listis

1030 1938 1175 1984 Imperii
1191 1940 1284 1972 curis
1299 1950 1308 1973 :
1323 1936 1422 1975 samii
1437 1949 1520 1975 cum
1536 1938 1635 1974 doc-*ta
1651 1937 1816 1974 cathedra

83 1981 185 2016 Parte
200 1986 297 2014 tenet
310 2003 321 2020 ‚
344 1982 530 2028 primoque
541 1980 615 2017 finu
631 1993 708 2029 pars
721 1987 825 2019 tertia
840 1985 968 2021 mundi
1030 1986 1195 2028 Ingentes
1208 1981 1378 2020 fundebat
1391 1996 1472 2031 opes
1488 2008 1499 2026 ‚
1527 1989 1558 2020 8(
1573 1985 1721 2030 Ρεέὶοτὶε
1733 1993 1837 2019 artes.

85 2025 210 2070 cingit
223 2046 234 2063 ‚
248 2027 452 2071 &innuptae
467 2029 624 2062 Lucania
639 2026 730 2063 sacra
743 2031 877 2066 Dianae.

85 2071 241 2105 Nomine
254 2082 331 2118 quae
343 2070 451 2117 digno
466 2075 553 2119 quin
568 2075 643 2108 iure
659 2074 828 2110 Calabria
844 2075 953 2112 fertur
964 2089 975 2111 ε

85 2117 119 2150 Si
132 2115 233 2149 calon
248 2116 311 2152 effe
323 2115 462 2152 bonum
476 2117 619 2153 testatur
645 2120 799 2156 Achaica
826 2123 948 2167 lingua
964 2145 976 2162 ‚

85 2159 260 2207 Quodque
281 2163 360 2197 brio
386 2164 521 2198 vocitat
536 2164 647 2200 scateo
661 2164 684 2199 si
699 2166 809 2201 nostra
824 2169 978 2215 reponit.

87 2207 191 2240 Certe
209 2217 271 2252 ego
281 2209 453 2243 Cumanae
466 2207 565 2249 folio,
579 2211 635 2245 vel
646 2223 730 2245 voce
745 2210 875 2257 sybillae
904 2216 908 2217 ⁷
953 2218 959 2256 j

90 2253 170 2289 Hoc
183 2262 310 2288 verum
321 2253 468 2289 tenuisse
481 2266 555 2289 reor
570 2267 628 2302 per
651 2256 770 2292 saecula
783 2269 930 2294 nomen.

87 2297 147 2332 Illi
162 2309 303 2346 nanque
317 2297 402 2334 boni
416 2299 503 2346 quid
516 2299 604 2336 deest
626 2301 642 2336 ?
666 2314 753 2348 quas
766 2305 879 2347 gratia
892 2304 975 2339 coeli

1036 2031 1194 2064 Duxerat
1206 2030 1291 2065 hinc
1301 2040 1397 2066 ortus
1409 2033 1587 2066 Alcmaeon
1599 2030 1734 2069 dofftus,
1748 2032 1780 2064 ὃς
1794 2030 1883 2065 alter

1035 2075 1147 2109 Cuius
1165 2077 1362 2111 Aristoteles
1375 2080 1544 2112 meminit
1555 2099 1566 2116 ‚
1581 2076 1770 2122 testemque
1783 2075 1928 2112 fatetur.

1035 2122 1133 2155 Hinc
1146 2121 1237 2155 Milo
1247 2122 1418 2158 mirandis
1427 2121 1812 2158 membrorumviribus
1826 2143 1837 2160 ‚
1852 2121 1929 2167 usq3

1040 2166 1163 2201 vietor
1180 2167 1394 2215 olympiaco
1405 2170 1599 2203 certamine
1614 2189 1626 2206 ‚
1643 2167 1754 2201 vietor
1769 2167 1902 2213 ubique
1913 2190 1927 2208 ‚

971 2227 974 2229 *
1036 2213 1203 2256 Ingentes
1216 2213 1354 2249 humeri
1367 2217 1470 2249 cuius
1486 2222 1619 2248 traxere
1634 2211 1823 2258 superbum

1033 2259 1372 2340 TaurumhprSffus
1400 2271 1496 2296 amor
1517 2270 1592 2306 quo
1613 2259 1675 2294 vix
1692 2256 1762 2293 suit
1785 2256 1879 2305 asper
1892 2272 1928 2294 e-

1235 2317 1275 2339 en
1308 2318 1333 2341 1.

84 2345 225 2378 Summa
238 2346 381 2389 negavit
391 2345 579 2391 opes‚dona
591 2356 652 2383 aut
662 2348 841 2384 iustiffima
853 2350 1013 2411 tellus?E
1031 2346 1124 2398 Qs
1139 2359 1212 2386 tam
1223 2354 1354 2387 mentis
1369 2354 1471 2399 inops
1479 2354 1667 2400 antiquam
1686 2350 1778 2386 hanc
1791 2347 1926 2387 nesciat

88 2387 151 2422 Sed
165 2400 207 2422 ne
223 2400 279 2424 me
294 2393 448 2436 propriis
458 2389 641 2427 affectibus
654 2392 724 2441 ipse
734 2397 867 2429 moveri

86 2432 214 2468 Credas
228 2456 240 2474 ‚
262 2437 293 2469 &
307 2438 426 2471 nostrat
438 2436 620 2472 mendacia
635 2441 793 2474 carmina
807 2437 925 2477 musoe:
947 2453 949 2455 ·

1209 2396 1336 2433 urbem

1028 2443 1242 2490 Qantaque
1255 2442 1424 2479 finitimis
1437 2441 1630 2481 immiserit
1645 2441 1754 2478 effera
1764 2442 1879 2478 bella?

87 2481 205 2542 Qafn
241 2479 331 2515 bene
354 2483 545 2518 conveniat
568 2496 699 2520 nomen
724 2495 822 2520 nunc
853 2490 972 2535 accipe
1029 2490 1133 2523 Hanc
1147 2488 1301 2525 tenebris
1315 2490 1469 2526 celebrat
1498 2489 1590 2526 sacra
1605 2487 1704 2526 musa
1721 2489 1923 2535 Lycophro-

290 2525 399 2562 uaeso:

90 2572 189 2607 Dum
212 2538 369 2619 aspqrant
390 2574 513 2610 nostris
531 2576 703 2623 parnaffia
719 2576 863 2613 flamina
873 2580 975 2615 velis.

129 2615 288 2652 Urbibus
301 2619 342 2673 in
357 2622 484 2666 primis
496 2623 589 2658 clara
603 2624 661 2663 est,
673 2623 908 2673 opulentaque
922 2638 976 2661 re-

287 2675 356 2700 ηις.

85 2674 289 2744 Hicadsungt
303 2710 406 2746 urbes
421 2712 483 2748 infi
513 2726 572 2748 nes
584 2727 729 2751 munere
742 2716 837 2752 claro

83 2753 258 2789 Gradivus
272 2755 364 2802 quod
376 2756 462 2793 ferre
478 2724 823 2810 [bletfflhaebusq-‚per
838 2763 974 2799 orbem.

83 2798 270 2847 Inter-quas
280 2813 400 2837 omnes
414 2804 602 2842 Consentia
617 2810 773 2843 maxima
789 2821 913 2855 nempe
928 2811 972 2845 est

86 2842 278 2880 Priscorum
290 2847 440 2883 celebris
454 2859 506 2885 tot
519 2849 657 2899 scriptis
671 2876 682 2892 ‚
696 2851 763 2888 sola
778 2853 910 2889 furores

83 2891 304 2931 Omnes‚quae
316 2890 443 2939 sprevit
453 2908 497 2940 qu
504 2898 631 2934 ondam
641 2899 806 2945 Carthagi
815 2903 867 2935 nis
881 2900 969 2937 altae.

83 2935 163 2979 Sylae
176 2937 272 2971 musa
286 2935 367 2973 sacii
381 2952 450 2975 non
464 2941 650 2988 dedignata
673 2946 830 2980 Maronis

85 2980 194 3015 cuius
206 2979 302 3017 dot-‘ta
317 2982 389 3020 fuit
405 2986 518 3033 largos
534 2987 714 3024 effundere
729 2991 891 3027 honores.

85 3025 155 3059 'rot
165 3029 254 3070 regit
266 3028 335 3064 baec
348 3034 556 3074 numeroffic
571 3033 662 3069 fama
678 3036 867 3083 est)0ppida
881 3039 971 3075 coelo

83 3070 180 3112 Quot
193 3071 310 3124 lustrat
319 3077 485 3121 gradibus
497 3080 607 3125 longii'
617 3080 670 3114 Sol
684 3093 806 3116 aureus
819 3096 966 3121 annum:

90 3116 240 3170 Imperio
252 3116 385 3165 superat
397 3123 515 3159 Craetae
526 3124 696 3161 ditiffima
710 3139 831 3173 regna,

82 3160 159 3193 Affu
168 3169 305 3208 rgitque
319 3163 389 3200 suis
402 3168 590 3206 clariffima
605 3171 745 3207 civibus
756 3175 859 3211 instar

85 3206 314 3288 Parthenopes
326 3234 338 3251 ‚
353 3223 421 3255 qua
430 3216 583 3250 mundus
597 3216 705 3253 habet
719 3220 770 3254 nil
789 3222 969 3264 pulchrius

106 3295 112 3303 ²
255 3264 279 3287 U
296 3268 404 3302 quam
419 3279 429 3296 ¹)

83 3295 114 3328 Si
129 3298 183 3332 vel
197 3300 393 3337 Democriti
404 3304 521 3349 plures
532 3315 658 3343 natura
675 3309 818 3347 tulisset.

84 3340 165 3394 Inde
180 3343 456 3383 Cathanzarium
470 3351 582 3386 multa
592 3351 793 3398 digniffima
809 3358 924 3394 laude:

83 3387 187 3421 D.ves
201 3399 307 3433 opum
319 3414 330 3431 ‚
355 3393 530 3440 doetisque
545 3399 633 3431 viris
648 3399 790 3434 illustris
817 3405 969 3439 abunde.

81 3430 138 3463 Sed
151 3444 220 3479 quo
230 3446 290 3470 vos
309 3437 414 3474 <103ae
425 3439 524 3475 versu
542 3444 745 3478 memorabo
771 3447 940 3485 Taberna.»
952 3450 969 3485 Ξ

84 3476 210 3514 Revera
225 3489 330 3527 atque
351 3483 424 3530 ipso
434 3485 601 3524 sedantes
616 3490 735 3525 omine
751 3493 921 3529 Athenas.

1032 2581 1137 2615 Hanc
1151 2543 1468 2618 aniffigaggudandm
1483 2581 1604 2619 furens
1617 2582 1787 2628 cognovit
1801 2579 1844 2615 ab
1860 2580 1924 2617 illo

1032 2626 1295 2674 Tempore‚quo
1311 2626 1444 2663 stabant
1456 2630 1594 2665 excelsae
1608 2640 1769 2677 pergama
1796 2627 1924 2662 Troiaea

1034 2672 1090 2705 Tu
1101 2671 1245 2707 mollem
1259 2670 1416 2718 Sybarim
1432 2675 1563 2710 vastasti
1576 2675 1714 2710 Nobilis
1725 2697 1736 2713 ‚
1750 2674 1870 2707 Armis

1025 2717 1203 2754 ⁴Saltantes
1225 2729 1308 2753 cum
1329 2723 1465 2764 equites
1477 2721 1744 2755 circumduxere
1757 2718 1918 2757 choreas,

1031 2764 1070 2797 ln
1088 2765 1224 2799 Turcas
1236 2764 1359 2799 nostris
1374 2765 1502 2810 praebes
1512 2765 1686 2800 obstacula
1707 2765 1810 2801 terris

1033 2812 1166 2854 Agoere
1181 2808 1267 2844 celsa
1278 2832 1291 2849 ‚
1304 2819 1367 2844 tuo
1382 2806 1449 2845 sem
1479 2824 1514 2845 et
1529 2810 1694 2846 fidiffima
1710 2811 1795 2854 regi.

1030 2856 1078 2888 Sis
1089 2840 1191 2894 selim
1208 2856 1359 2902 priscum
1389 2867 1430 2890 ue
1440 2822 1544 2891 dpecus
1554 2865 1614 2891 tua
1626 2857 1758 2890 mcenia
1770 2852 1925 2890 servent?

1076 2903 1163 2936 Sunt
1178 2902 1282 2938 Locri
1296 2901 1367 2935 cele
1396 2915 1449 2939 res
1463 2913 1653 2947 graecorum
1665 2901 1842 2939 carmine,
1859 2911 1923 2943 pu-

1211 2958 1287 2996 gnae

1028 2993 1087 3032 Ad
1119 2997 1261 3041 Sagram
1296 2992 1429 3030 flumen
1456 3004 1608 3041 quorum
1632 2993 1858 3029 celebrantur
1883 2991 1924 3027 in.

1208 3041 1308 3075 omni

1028 3090 1147 3126 Aevo‚
1162 3097 1257 3121 nunc
1274 3086 1433 3120 retinent
1447 3085 1588 3132 antiqui
1605 3085 1728 3120 robora
1744 3085 1830 3120 belli

1026 3132 1179 3167 Civibus
1191 3130 1340 3165 illustres
1353 3130 1461 3165 doffls
1478 3153 1489 3170 ‚
1515 3129 1849 3177 armisquesuperbi.

1027 3180 1078 3215 Hi
1094 3188 1254 3225 peperere
1267 3175 1401 3210 sacrum
1418 3177 1602 3222 Tymaeum
1615 3198 1627 3214 ‚
1646 3181 1790 3210 nomine
1820 3178 1921 3212 cuius

1028 3225 1158 3260 Divini
1174 3229 1345 3256 ornantur
1359 3223 1507 3255 memori
1522 3221 1730 3262 monumeta
1746 3223 1913 3257 Platonis.

1030 3271 1129 3305 Hinc
1142 3279 1221 3305 rex,
1247 3268 1309 3313 qui
1325 3274 1409 3300 nato
1422 3267 1566 3312 proprio
1579 3278 1622 3300 ne
1636 3277 1792 3312 parceret
1817 3281 1825 3302 :
1852 3267 1919 3315 ipfi

1030 3313 1166 3351 Effodit
1182 3313 1303 3346 lumen
1315 3332 1325 3348 ‚
1341 3319 1482 3346 tantum
1496 3313 1552 3356 pia
1569 3313 1645 3346 iura
1655 3313 1807 3347 colebat.

1028 3362 1156 3405 Ingens
1167 3359 1220 3393 his
1234 3364 1377 3390 antrum
1391 3355 1433 3390 est
1444 3355 1620 3403 quoddam
1633 3358 1796 3392 mirabile
1810 3359 1918 3393 dieiu.

1028 3408 1107 3441 Hoc
1125 3402 1288 3449 equidem
1304 3399 1405 3434 credo
1421 3400 1568 3448 priscam
1584 3403 1728 3438 tenuisse
1742 3401 1915 3450 sybillam.

1027 3447 1153 3485 Nursia
1170 3449 1237 3482 tale
1250 3445 1348 3481 videt
1363 3468 1373 3486 ,
1388 3449 1531 3482 cumani
1547 3448 1703 3483 &literis
1719 3461 1789 3482 ora.

1027 3495 1084 3531 Est
1101 3492 1337 3530 Bellicastrum
1354 3494 1476 3538 patriae
1488 3496 1710 3528 contermina
1740 3493 1872 3540 nostrae.

1826 3549 1876 3573 nae
