2404 3882
530 205 616 262 ¹31⁷?

856 195 1044 245 G'ABJ
1098 195 1434 245 BARRII
1494 195 1928 244 FRANCIC.

2172 205 2252 255 316

477 294 1049 350 deponensmbeoq3bened15ius
1064 294 1405 340 receffit.Cumq;A
1420 298 1491 332 lam
1525 295 1623 337 iuxta
1664 294 1912 331 monasterium
1956 293 2124 329 Mercurii
2161 299 2314 334 incolere·

475 355 628 387 Romam
654 341 735 377 effet
758 340 948 382 inmersus,
972 350 1048 376 orta
1075 343 1111 377 in
1132 343 1265 387 populo
1279 339 1361 374 sedi·

475 397 577 430 tione
597 410 612 427 φ
635 387 679 424 ab
691 386 777 423 urbe
791 371 928 433 fugiens
950 384 968 420 a
984 387 1113 433 populo
1133 390 1367 427 interemptus

474 442 525 477 est
547 464 558 473 .
596 439 720 471 Beatus
752 444 834 468 vero
873 435 979 466 Nilus
1013 444 1055 466 ex
1090 444 1129 466 eo
1157 431 1367 468 monasterio

476 487 626 523 abiens,
650 477 843 515 Tusculum
867 476 898 512 se
924 478 1079 512 contulit
1104 500 1117 517 ·›
1142 477 1192 512 ibi
1219 480 1293 511 Deo
1317 474 1367 509 sa-

478 531 681 569 mulaturus
706 523 800 572 quod
826 524 1000 568 reliquum
1033 521 1094 556 fibi
1121 526 1202 558 vitae
1220 519 1370 567 superes-

476 577 529 613 set
557 600 568 609 .
609 577 725 617 Atque
751 568 841 605 haud
866 568 986 613 procul
1025 568 1068 602 ab
1094 568 1223 614 oppido
1246 578 1370 601 mona-

472 623 604 660 nexio,
630 620 687 653 cui
717 617 849 661 crypta
873 612 996 646 ferrata
1021 625 1149 648 nomen
1167 613 1211 647 est
1237 634 1248 650 ,
1284 621 1370 646 con-

473 667 625 705 {ri-usto,
652 662 758 705 usque
782 659 822 693 ad
844 658 984 692 obitum
1008 658 1135 693 mansit
1151 681 1162 696 ‚
1185 666 1291 703 atque
1317 658 1371 691 ibi

472 711 645 757 migravit
669 707 710 742 ad
723 704 908 738 dominum
923 701 1017 736 senio
1037 702 1237 741 conse-Slus,
1265 703 1372 747 quin-

471 768 552 795 tum
579 758 609 789 δι
631 748 896 829 nonagesimum
910 759 1043 782 annum
1071 760 1200 793 agens,
1224 749 1300 781 eius
1321 746 1369 783 fe-

470 806 563 840 stum
586 800 702 843 agitur
884 836 887 838 -

470 851 539 885 hac
559 839 752 881 Rossanenli
767 838 852 873 urbe
877 837 991 872 beatur
1016 842 1173 884 Georgius
1205 840 1261 871 vir
1292 837 1370 872 san-

465 895 591 928 &itate
611 885 819 929 conspicuus
849 907 860 924 ‚
897 884 1044 928 qui—sub
1069 884 1171 919 beato
1197 883 1280 917 Nilo
1295 882 1368 917 ‚du-

467 948 509 973 ce
533 939 608 972 Deo
634 932 809 968 militavit
830 956 839 964 .
874 932 944 965 Hic
970 932 1004 964 in
1031 927 1145 964 seculo
1182 927 1313 963 nobilis
1337 932 1368 962 Sc

463 981 625 1027 nocuples
647 987 719 1012 erat
734 999 747 1015 2
772 974 927 1011 sanetum
942 975 1104 1010 habitum
1132 973 1232 1008 senex
1259 973 1367 1008 susce·

467 1031 526 1077 pit
554 1052 563 1062 .
596 1025 670 1069 Qi
697 1022 807 1058 adhuc
834 1025 870 1057 in
896 1020 1009 1055 seculo
1041 1020 1187 1054 existens
1220 1021 1368 1065 Angeli-

468 1087 548 1110 cam
574 1070 743 1106 visionem
764 1069 884 1108 vidit,
909 1070 940 1101 δι
966 1066 1184 1110 Angelorum
1209 1064 1368 1100 melodiae

460 1127 681 1155 vconcentum
705 1113 768 1148 fibi
794 1113 912 1148 audire
937 1112 1121 1146 videbatur
1146 1137 1156 1145 .
1185 1110 1268 1146 Inde
1292 1122 1369 1146 mo-

467 1165 604 1201 nachus
648 1160 757 1195 faeius
791 1159 1031 1195 humilitatem
1068 1158 1100 1191 Sc
1128 1156 1367 1191 obedientiam

466 1211 628 1249 maximo
650 1206 696 1241 est
717 1207 897 1252 :implexus
916 1214 1017 1245 opere
1032 1230 1041 1240 .
1064 1204 1157 1237 Cum
1170 1201 1365 1237 adolescens

463 1254 614 1303 quidam
650 1250 893 1287 Befidianenfis
938 1249 1124 1284 Hebraeum
1161 1250 1364 1297 quempiam

463 1298 687 1348 peremisset,
705 1296 980 1344 eoqsfugiente,
1004 1297 1078 1328 eius
1099 1293 1216 1330 affinis
1235 1291 1253 1326 ὲ
1273 1292 1547 1341 judi-Cizabens
1572 1316 1585 1334 ‚
1610 1294 1701 1340 quod
1723 1295 1754 1329 ei
1782 1292 1957 1340 impendit
1981 1293 2100 1329 dicens
2125 1308 2135 1330 ς

462 1345 572 1380 cibus
585 1344 771 1391 proJudaeo
798 1352 939 1378 mortuo
953 1341 1078 1387 Judaeis
1096 1342 1192 1375 cruci
1218 1339 1363 1386 affigen-

465 1393 532 1426 dus
551 1389 742 1426 traderetur
768 1411 780 1427 ,
805 1389 926 1422 beatus
953 1387 1056 1421 Nilus
1091 1386 1134 1419 ab
1160 1385 1255 1420 illius
1280 1396 1364 1419 con-

465 1436 669 1482 sanguineis
694 1436 798 1470 huius
825 1435 874 1468 rei
907 1434 1035 1467 certior
1067 1432 1177 1468 fafflus
1199 1452 1212 1469 ,
1247 1433 1364 1465 literas

463 1482 571 1518 beato
596 1482 749 1524 Georgio
787 1479 828 1514 ad
851 1476 982 1519 judices
1006 1477 1101 1511 dedit
1130 1499 1141 1516 ‚
1168 1477 1204 1510 in
1235 1475 1364 1523 quibus

463 1529 538 1564 haee
563 1524 687 1571 scripta
713 1535 834 1560 erant:
857 1534 942 1563 vos,
965 1523 1170 1569 quijudices
1197 1523 1293 1560 estis,
1316 1524 1364 1554 le-

460 1583 546 1607 vem
574 1570 706 1605 servare
728 1569 861 1606 debetis
882 1591 895 1607 ‚
919 1581 994 1616 quae
1021 1571 1177 1615 praecipit
1202 1589 1213 1605 ,
1238 1577 1278 1602 ut
1301 1577 1364 1612 pro

459 1606 598 1665 <septem
626 1616 753 1664 Judaeis
786 1628 877 1651 unus
911 1615 1129 1650 Christianus
1164 1617 1361 1649 moriatur.

465 1668 543 1699 Aut
569 1664 679 1706 igitur
700 1661 783 1696 dent
804 1660 860 1696 sex
873 1661 958 1696 alios
982 1660 1112 1695 Iudreos
1136 1658 1361 1696 occidendos,

459 1717 527 1745 aut
553 1708 713 1744 vinetum
732 1707 972 1742 Christianum
997 1705 1144 1741 liberate
1172 1731 1180 1739 .
1206 1703 1310 1751 Qod
1337 1702 1361 1737 si

462 1757 578 1791 {eoem
602 1751 731 1787 servare
753 1753 902 1791 nolitis,
924 1754 1043 1790 hune,
1071 1763 1175 1798 quem
1200 1763 1282 1786 cum
1306 1750 1360 1784 his

1421 341 1530 384 coepit
1552 363 1565 379 ‚
1599 341 1842 376 monachalem
1865 335 2027 375 habiturn
2064 340 2182 378 induit
2207 370 2216 378 .
2245 347 2317 380 Hic

1422 389 1492 429 jam
1517 385 1664 428 simplex
1686 385 1759 421 fuit
1784 408 1797 429 ²
1835 393 1875 418 ut
1900 386 2005 420 illum
2030 386 2183 429 alterum
2210 389 2316 432 Jacob

1426 431 1684 470 patriarcham,
1705 439 1767 467 aut
1788 427 2082 477 (impliciffimum
2098 430 2244 469 Paulum
2264 435 2318 469 di-

1424 479 1462 512 vi
1490 478 1640 512 Antonii
1665 474 1814 511 Abbatis
1833 474 2045 521 discipulum
2076 478 2149 517 iure
2168 478 2314 514 diceres.

1426 527 1522 560 Eum
1545 520 1667 556 beatus
1693 521 1795 556 Nilus
1816 521 2040 557 humanitate
2064 523 2097 555 δε
2118 524 2319 558 manlu=tu-

1425 569 1509 603 dine
1534 566 1725 601 admonens
1745 566 1958 602 solertem&
1981 567 2159 603 urbanum
2180 567 2320 607 reddere

1428 612 1583 649 studebat
1597 636 1607 646 .
1631 613 1804 646 Triennio
1826 621 1944 648 autem
1969 611 2139 648 transaffio
2163 626 2246 650 cum
2267 616 2316 652 fio

1426 669 1491 694 nec
1509 658 1622 692 hilum
1646 656 1812 703 proficere
1837 668 2016 698 cerneret,
2039 660 2179 695 austeris
2201 661 2319 697 verbis

1424 715 1466 740 ac
1490 705 1664 737 conviciis
1686 705 1796 749 coepit
1830 704 2010 750 increpare
2034 725 2046 743 ,
2080 718 2124 740 ne
2148 705 2244 741 rudis
2263 719 2319 742 re·

1427 757 1606 785 maneret.
1635 747 1832 795 Aliquando
1857 750 1965 782 etiam
1990 761 2098 785 manu
2122 763 2203 787 eum
2240 763 2318 799 per..

738 803 818 828 exto
846 793 923 827 Cal.
944 793 1106 828 Offiobris
1135 818 1145 827 .
1173 795 1252 827 Fuit
1279 795 1310 825 &
1331 792 1692 834 etherresaciebat.
1720 792 1792 838 Ipse
1814 805 1895 827 vero
1919 805 2016 839 aequo
2037 793 2318 843 hilariq33nimo

1425 840 1544 874 omnia
1573 837 1759 874 sustinebat
1775 861 1785 877 ‚
1811 841 1842 872 δι’
1858 849 1968 884 neque
1984 838 2203 878 duriffimam
2222 854 2319 878 exer-

1425 885 1633 920 citationem
1659 906 1671 923 ,
1695 896 1807 929 neque
1827 884 1971 919 affiduas
1998 885 2138 929 vigilias
2170 890 2322 922 extime-

1425 928 1564 968 scebat,
1589 928 1643 964 sed
1668 931 1702 964 in
1719 928 1884 964 omnibus
1898 929 2042 965 beatum
2063 933 2188 968 Nilum
2211 945 2319 968 :emu-

1423 977 1486 1011 lari
1512 975 1666 1011 studebat
1682 999 1692 1009 .
1719 973 1959 1020 Qamobrem
1984 977 2050 1010 Dei
2076 989 2139 1023 ope
2168 977 2320 1015 diaboli-

1423 1032 1544 1056 carum
1565 1022 1806 1056 tentationum
1833 1032 1953 1067 exPers
1977 1019 2048 1056 fuit
2073 1048 2083 1057 .
2109 1026 2197 1069 Saepe
2218 1025 2317 1058 enim

1424 1068 1547 1101 beatus
1572 1067 1676 1101 Nilus
1702 1064 1815 1112 ipsum
1839 1075 2067 1111 percontatus
2080 1069 2150 1106 est,
2170 1069 2317 1112 quibus-

1424 1123 1508 1149 nam
1534 1111 1812 1157 cogitationibus
1846 1109 2107 1156 perturbaretur
2131 1113 2146 1148 ?
2181 1113 2322 1158 respon-

1423 1156 1552 1195 debat,
1579 1169 1621 1192 ne
1642 1168 1710 1192 una
1726 1156 1867 1203 quidem
1881 1179 1893 1195 ,
1913 1165 2052 1191 tantum
2066 1159 2221 1194 dormito
2241 1159 2320 1205 plu-

1421 1208 1552 1241 rimum
1578 1225 1589 1241 ,
1624 1205 1656 1237 Sc
1692 1202 1736 1237 ob
1757 1201 1790 1235 id
1818 1201 2000 1249 perturbor
2023 1226 2034 1236 .
2068 1206 2160 1240 Tum
2195 1203 2319 1239 beatus

1421 1252 1523 1286 Nilus
1547 1247 1732 1283 scabellum
1773 1247 1858 1282 fecit
1879 1252 2000 1294 pedem
2028 1259 2142 1285 unum
2176 1258 2320 1284 tantum

2173 1304 2213 1332 tu
2259 1306 2316 1329 ur-

1420 1342 1499 1378 dem
1522 1341 1606 1375 duos
1632 1338 1732 1386 pedes
1756 1338 1859 1374 habes
1879 1360 1891 1378 ,
1931 1341 1962 1372 86
1986 1338 2173 1376 scabellum
2213 1306 2319 1376 hgbet

1420 1399 1556 1423 uuum:
1580 1398 1621 1420 en
1645 1394 1712 1419 tres
1736 1384 1836 1431 pedes
1851 1408 1861 1424 ‚
1887 1385 1926 1419 in
1947 1396 1987 1419 eo
2009 1384 2124 1421 sedens
2146 1387 2317 1421 exercita·

1423 1435 1557 1468 tionem
1583 1443 1654 1465 non
1681 1432 1899 1476 negligenter
1923 1430 2143 1477 operaberis.
2170 1434 2241 1466 Hic
2261 1431 2318 1465 di-

1419 1479 1475 1515 &o
1500 1476 1642 1512 audiens
1678 1475 1811 1509 nullibi
1849 1476 1959 1522 postea
2002 1476 2067 1509 nifi
2105 1480 2143 1512 in
2165 1475 2315 1510 scabello

1420 1523 1484 1558 illo
1510 1520 1670 1557 sedebat.
1694 1521 1766 1563 Qi
1791 1519 1872 1566 saepe
1893 1519 2177 1556 adormitatione
2201 1522 2316 1555 viStus

1419 1571 1458 1604 in
1482 1578 1611 1604 terram
1637 1565 1780 1602 cadebat
1800 1589 1811 1599 .
1847 1569 1895 1601 Eo
1919 1565 2039 1599 beatus
2074 1569 2178 1602 Nilus
2204 1567 2319 1601 veluti

1420 1615 1591 1651 novacula
1616 1609 1764 1660 quadam
1801 1611 1840 1645 ad
1869 1609 2109 1647 inobedientes
2134 1615 2164 1645 &
2187 1611 2316 1647 intole-

1419 1659 1545 1696 rabiles
1573 1655 1778 1694 exercendos
1800 1656 1990 1693 utebatur.
2016 1656 2165 1693 Excessit
2190 1657 2207 1692 ὲ
2233 1660 2315 1691 vita

1418 1709 1455 1740 in
1483 1707 1612 1749 Serperi
1644 1703 1851 1737 monasterio
1877 1725 1887 1741 ,
1929 1700 2220 1748 septuagefimum
2255 1713 2318 1736 an-

1416 1763 1505 1787 num
1533 1762 1636 1796 agens
1677 1773 1686 1783 .
1732 1749 1805 1795 Qi
1841 1749 1925 1783 licet
1965 1748 2064 1783 senex
2103 1771 2114 1787 ,
2154 1752 2184 1783 δε
2222 1746 2317 1781 obse-

461 1787 593 1837 ad⁴vos
620 1799 732 1833 literis
757 1801 889 1837 mitto,
914 1796 1104 1844 proludaeo
1127 1808 1267 1832 mortuo
1281 1803 1405 1844 cru-D
1422 1800 1521 1832 nium
1545 1820 1556 1836 ,
1583 1799 1612 1829 δε
1639 1795 1771 1830 multas
1803 1793 2031 1829 infirmitates
2058 1796 2212 1831 nimium
2234 1804 2315 1827 cur-

461 1850 496 1882 ci
519 1844 675 1883 afficite,
700 1846 730 1878 ἅτ
745 1844 905 1879 vinSlum
926 1843 1070 1878 liberate
1087 1866 1098 1882 ,
1116 1853 1155 1878 ut
1180 1855 1260 1877 cum
1275 1854 1361 1879 uxo-

459 1906 501 1930 :re
523 1895 554 1926 δε
575 1873 662 1926 &liis
683 1891 797 1925 vitam
819 1900 917 1933 agere
932 1911 943 1928 ,
962 1885 1075 1929 eisque
1107 1891 1186 1923 vitae
1212 1888 1356 1923 necessa-

460 1941 516 1974 ria
541 1933 756 1982 suppeditare
769 1936 882 1981 potiit.
905 1932 1037 1968 ludices
1054 1935 1147 1968 lebiis
1163 1935 1296 1973 literis,
1323 1931 1358 1966 id

463 1983 567 2019 beato
581 1982 733 2025 Georgio
746 1980 901 2016 referunt
921 1977 1106 2021 (nesciebat
1121 1992 1155 2014 n.
1173 1977 1240 2025 ipse
1254 1978 1358 2025 quid-

460 2040 546 2065 nam
573 2027 694 2077 beatus
719 2027 821 2061 Nilus
845 2024 1045 2069 scripserat)
1071 2035 1238 2071 petuntq3
1262 2024 1305 2059 ab
1317 2036 1356 2057 eo

460 2074 488 2110 si
513 2073 548 2109 id
572 2072 633 2106 nbi
655 2071 751 2106 cordi
775 2071 853 2106 esset
868 2097 877 2105 .
900 2070 971 2116 Ipse
998 2083 1080 2105 vero
1103 2068 1277 2116 respondit
1292 2092 1302 2109 ‚
1324 2068 1356 2103 se

463 2130 629 2165 paratum
658 2116 719 2152 effe
745 2119 887 2156 omnia,
914 2127 987 2162 quse
1014 2115 1135 2150 beatus
1158 2116 1260 2150 Nilus
1282 2126 1356 2149 ma-

461 2167 565 2209 gister
586 2163 664 2198 suus
686 2160 848 2197 scriberet
875 2184 886 2201 ‚
911 2160 1074 2207 perficere
1100 2183 1111 2199 ,
1135 2161 1356 2206 adiecitque,

459 2212 487 2248 sl
514 2211 632 2246 nullus
656 2206 759 2246 effer,
782 2209 842 2249 qui
860 2217 999 2241 crucem
1029 2217 1236 2252 componere
1258 2206 1355 2243 sciat,

458 2264 601 2304 egomet
616 2266 691 2288 eam
718 2253 887 2288 conficere
900 2254 1033 2296 optime
1055 2250 1193 2287 scio.1d
1217 2250 1358 2286 audien-

457 2313 514 2338 tes
540 2299 668 2343 judices
704 2301 733 2333 &
759 2298 917 2333 vinS‘mm
957 2296 1152 2332 liberarunt
1177 2321 1186 2336 ,
1224 2300 1251 2331 ὃ(
1276 2295 1356 2330 bea-

458 2358 538 2383 tum
563 2347 756 2390 Georgium
792 2342 952 2388 sospitem
987 2342 1027 2376 ad
1054 2342 1196 2377 beatum
1232 2344 1354 2377 Nilum

458 2392 671 2430 :emiserunt
687 2415 695 2424 .
711 2392 907 2433 Tamumqs
921 2387 1069 2433 profecit
1083 2411 1092 2425 ‚
1115 2397 1155 2421 ut
1169 2389 1250 2422 licet
1265 2399 1355 2421 nur-

459 2450 566 2485 quam
594 2437 710 2470 literas
734 2433 897 2468 didicerit
923 2454 934 2471 ,
971 2432 1115 2476 psalmos
1149 2443 1268 2468 tamen
1302 2435 1351 2467 ita

460 2483 629 2518 canebat,
649 2490 689 2514 ut
715 2479 876 2512 omnibus
898 2478 1122 2515 audientibus
1154 2478 1193 2513 de
1219 2478 1249 2512 se
1272 2489 1355 2523 prae-

457 2529 555 2562 beret
581 2525 871 2560 admirationem.
895 2526 932 2557 ln
958 2525 1023 2558 Dei
1051 2525 1108 2558 vin
1131 2534 1233 2570 atque
1258 2523 1355 2558 obse-

457 2577 546 2620 quio
570 2572 793 2606 vehementer
819 2567 989 2610 profecit,
1018 2572 1120 2616 eique
1151 2571 1283 2614 placuit
1310 2571 1351 2603 in

458 2618 704 2653 continentia,
728 2611 937 2652 affiiffiosses
957 2614 1154 2649 obedientia
1173 2636 1184 2652 ,
1210 2615 1357 2649 humili.-

457 2672 530 2702 tate
555 2662 684 2698 eximia
709 2682 721 2698 ,
754 2662 784 2692 ἒξ
806 2661 950 2705 propriae
976 2661 1171 2694 voluntatis
1203 2659 1353 2704 abnega-

456 2712 557 2745 tione
577 2730 588 2746 ‚
615 2705 705 2751 quod
729 2715 937 2749 martyrium
964 2708 994 2739 &
1019 2706 1060 2739 est
1087 2728 1098 2743 ‚
1132 2707 1162 2738 &
1185 2707 1347 2739 nomina.

459 2763 533 2789 tur.
560 2752 662 2788 Obiit
687 2753 724 2784 in
748 2750 909 2785 ccenobio
946 2750 1019 2785 divi
1047 2751 1219 2786 Hadriani
1254 2751 1349 2785 labo-

453 2812 536 2836 rum
561 2799 701 2846 praemia
727 2805 972 2841 percepturus.
996 2799 1034 2830 In
1050 2797 1114 2831 hoc
1142 2807 1391 2862 magnopereF

455 2845 580 2881 beatus
607 2843 710 2877 Nilus
737 2843 811 2874 Deo
835 2844 962 2887 gratias
986 2844 1060 2887 egit
1084 2864 1096 2880 ‚
1123 2851 1219 2876 certo
1239 2840 1347 2876 sciens

454 2890 548 2936 quod
574 2900 651 2922 vere
677 2885 858 2932 probatam
891 2885 1025 2930 frugem
1062 2897 1166 2934 atque
1192 2894 1351 2932 accepta-

455 2937 566 2971 bilem
588 2932 830 2970 oblationem,
856 2930 1098 2978 primitiasque
1124 2931 1194 2980 ipse
1219 2931 1352 2966 obtulit

456 2981 598 3015 beatum
621 2979 812 3021 Georgium
828 3001 838 3010 .
869 2980 991 3012 Fuit&
1014 2989 1056 3011 ex
1069 2979 1133 3012 hac
1158 2975 1351 3013 Roffanens'i

455 3026 544 3060 urbe
575 3024 692 3058 beatus
724 3021 902 3062 Stephanus
935 3022 1029 3057 beati
1056 3024 1132 3057 Nili
1170 3024 1201 3056 &
1227 3021 1295 3068 ipse
1319 3034 1356 3056 a·

457 3072 604 3105 lumnus
634 3093 643 3102 .
679 3069 749 3102 Hic
772 3068 892 3111 agresti
919 3076 1022 3113 atque
1045 3069 1175 3102 humili
1201 3068 1277 3101 loco
1299 3079 1356 3101 or·-

454 3125 509 3150 tus
525 3137 535 3153 ,
561 3123 656 3159 patre
669 3110 811 3146 orbatus
833 3115 902 3154 jam
927 3111 1120 3147 adolescens
1144 3111 1351 3158 vigesimum

454 3172 589 3195 anuum
616 3169 718 3203 agens
742 3158 937 3192 monasticae
963 3161 1044 3193 vitae
1069 3169 1185 3192 amore
1208 3157 1351 3191 succen-

454 3203 511 3239 sus
536 3205 677 3238 beatu-m
701 3202 824 3236 Nilum
849 3206 1018 3238 convenit
1043 3229 1051 3237 .
1086 3205 1206 3246 Quem
1229 3201 1351 3236 beatus

455 3253 562 3285 Nilus
586 3259 625 3282 ut
638 3247 782 3280 domum
809 3248 851 3282 ad
870 3258 1019 3285 matrem
1040 3248 1234 3284 &sororem
1258 3247 1353 3283 alen-

456 3294 515 3328 das
542 3292 799 3339 regrederetur,
822 3293 978 3328 hortatus
1003 3295 1047 3330 est
1066 3319 1074 3327 .
1092 3295 1160 3327 Cui
1175 3294 1258 3327 iliez
1283 3294 1352 3327 mi-

454 3343 552 3376 nime
570 3362 581 3379 ,
606 3338 728 3379 inquit
749 3357 761 3375 ,
780 3337 903 3371 redibo
931 3352 940 3372 ;
967 3352 1039 3373 non
1060 3341 1156 3374 enim
1181 3349 1270 3382 ego,
1293 3336 1348 3372 sed

455 3387 552 3419 Dtus
584 3387 660 3419 illas
688 3383 750 3416 alit
776 3407 786 3416 .
807 3385 924 3425 Quem
946 3383 1066 3418 beatus
1092 3384 1196 3419 Nilus
1221 3381 1356 3430 fimpli·

451 3441 531 3472 cern
559 3430 683 3474 yideus
699 3449 711 3468 2
737 3425 887 3475 secundo
911 3439 1004 3465 anno
1027 3429 1101 3475 ‚nbi
1126 3439 1284 3476 cryptam
1307 3429 1353 3476 il:

1419 1852 1520 1878 vatus
1542 1842 1620 1877 effet
1644 1863 1655 1880 ,
1677 1850 1859 1884 nunquam
1884 1848 2002 1874 tamen
2028 1851 2045 1873 a
2072 1839 2186 1874 labore
2207 1837 2312 1873 cessa-

1417 1889 1491 1924 bat.
1532 1892 1577 1924 Et
1602 1888 1754 1921 animam
1780 1885 1956 1919 exhalanti
1984 1885 2105 1919 beatus
2133 1886 2237 1919 Nilus
2261 1883 2315 1917 di-

1414 1937 1490 1973 xit,
1515 1934 1712 1978 Stephane:
1741 1933 1769 1964 is
1795 1929 1905 1965 statim
1931 1928 2047 1964 sedens
2074 1942 2199 1964 manus
2227 1930 2311 1973 liga-

1414 1983 1493 2018 vit,
1519 1982 1549 2014 &
1574 1980 1692 2013 animo
1717 1979 1752 2011 in
1779 1974 1920 2010 beatum
1944 1977 2068 2010 Nilum
2093 1974 2310 2012 attendebat,

1413 2028 1469 2059 cui
1484 2025 1604 2060 beatus
1616 2024 1718 2057 Nilus
1742 2034 1753 2056 z
1778 2020 1923 2055 benedic
1937 2043 1948 2060 ‚
1964 2023 2082 2067 inquit
2098 2043 2109 2059 ‚
2126 2018 2289 2053 fratribus
2303 2040 2314 2057 ,

1412 2074 1579 2115 quoniam
1612 2068 1732 2104 deficis
1760 2091 1769 2101 .
1802 2067 1865 2100 Ille
1904 2078 1986 2100 vero
2020 2077 2164 2100 manum
2191 2073 2312 2099 exten-

1412 2117 1495 2151 dens
1521 2139 1532 2156 ‚
1561 2114 1643 2150 fecit
1670 2111 1761 2158 qaiod
1787 2110 1848 2146 fibi
1875 2110 1989 2146 fuerat
2013 2115 2238 2157 imperatum.
2269 2112 2313 2143 Et

1416 2161 1527 2198 rursus
1549 2161 1669 2195 beatus
1694 2158 1799 2193 Nilus
1833 2159 1882 2192 ait
1908 2170 1918 2191 :
1947 2157 2080 2202 quiesce
2107 2155 2311 2200 paululum,

1414 2208 1581 2255 quoniam
1621 2218 1690 2240 non
1721 2205 1874 2248 amplius
1898 2205 1973 2237 vim
2002 2201 2105 2237 habes
2129 2212 2139 2232 ε
2167 2202 2225 2233 ille
2250 2210 2313 2232 au-

1413 2263 1485 2289 tem
1519 2251 1722 2286 recumbens
1755 2248 1919 2283 obediens
1955 2247 2025 2282 fuit
2048 2269 2059 2286 ,
2096 2248 2126 2279 &
2151 2254 2312 2293 mortuus

1413 2299 1469 2334 est.
1503 2300 1574 2344 Qj
1600 2298 1706 2331 etiam
1735 2297 1770 2329 in
1793 2303 1904 2329 morte
1932 2292 2139 2328 obedientiae
2161 2292 2311 2324 servator

1412 2346 1546 2380 extitit.
1581 2345 1686 2378 Hunc
1709 2339 1829 2375 beatus
1851 2341 1952 2374 Nilus
1974 2336 2112 2381 {urgebat
2128 2336 2272 2372 dicens,
2288 2346 2307 2367 o

1411 2390 1500 2425 bone
1526 2388 1695 2434 Stephane
1716 2409 1728 2426 ‚
1752 2387 1816 2432 qui
1842 2386 1929 2421 mihi
1951 2384 2089 2419 adiutor
2117 2403 2128 2420 ,
2152 2383 2182 2414 δε
2208 2380 2314 2413 colla-

1408 2435 1548 2472 borator
1585 2432 1676 2469 fuisti
1701 2455 1713 2471 ‚
1749 2430 1820 2478 post
1857 2439 1909 2466 tot
1947 2441 2054 2465 annos
2089 2426 2306 2472 separamur.

1412 2483 1443 2516 δε
1469 2479 1619 2516 viciffim
1656 2482 1836 2524 privamur
1860 2488 1870 2509 ·.
1909 2484 1943 2511 et
1966 2485 2003 2511 tu
2025 2471 2168 2520 quidem
2207 2469 2306 2505 vadis

1411 2525 1452 2561 ad
1476 2528 1631 2572 requiem
1653 2546 1664 2562 ‚
1698 2534 1802 2571 quam
1828 2520 1897 2556 tibi
1919 2517 2105 2568 praeparasti
2129 2539 2140 2555 ‚
2168 2527 2230 2559 ego
2250 2526 2308 2548 ve-

1412 2585 1449 2607 ro
1476 2572 1516 2606 ad
1542 2582 1682 2619 poenam
1707 2579 1891 2604 remaneo.
1926 2569 1980 2601 Tu
2005 2566 2133 2600 athleta
2161 2564 2191 2596 ὃς
2218 2572 2311 2594 mar-

1411 2627 1466 2663 tyr
1486 2631 1543 2655 es,
1565 2627 1626 2660 ego
1646 2614 1788 2662 quidem
1815 2612 1882 2646 tibi
1909 2609 2067 2648 carnifex
2094 2607 2158 2642 fui.
2194 2606 2231 2640 ld
2257 2604 2310 2637 di-

1411 2663 1511 2697 cebat
1536 2664 1703 2708 quoniam
1733 2657 1773 2692 ad
1795 2656 2004 2693 seneuutem
2029 2654 2133 2699 usque
2159 2664 2227 2685 non
2251 2650 2311 2683 de-

1405 2708 1492 2743 stitit
1517 2719 1597 2741 eum
1624 2705 1776 2752 affligere
1793 2724 1804 2741 ,
1828 2702 1935 2738 sciens
1957 2700 2069 2749 ipsum
2096 2706 2303 2747 certatorem

1405 2751 1594 2788 oloriosum
1615 2751 1687 2786 effe.
1715 2752 1794 2784 Fuit
1817 2752 1847 2783 ἃ
1876 2762 1917 2783 ex
1941 2750 2003 2783 hac
2034 2745 2229 2780 Coffanenn
2246 2752 2304 2773 ur-

1404 2785 1447 2833 be
1485 2797 1581 2832 beata
1621 2796 1763 2830 Teodora
1796 2797 1895 2838 virgo
1922 2797 1995 2828 Deo
2020 2798 2118 2837 grata
2140 2810 2151 2827 ,
2183 2785 2307 2820 saneris

1405 2842 1600 2880 virtutibus
1623 2843 1724 2888 plena
1746 2852 1785 2875 ac
1810 2839 1960 2886 prudens
1987 2860 1999 2877 ‚
2027 2847 2104 2882 quae
2132 2832 2304 2867 Christia-

1408 2902 1490 2925 nam
1512 2888 1761 2933 philosophiam
1788 2884 1968 2921 exercebat
1992 2885 2028 2917 in
2053 2882 2128 2915 loco
2151 2875 2307 2929 quodam

1408 2934 1548 2977 Arenoso
1581 2940 1784 2972 nuncupato
1810 2957 1819 2964 .
1856 2932 1938 2964 Haec
1963 2941 1980 2962 a
2028 2928 2119 2960 ueris
2141 2921 2307 2975 monasti-

1408 2992 1485 3015 cam
1513 3000 1525 3017 ,
1557 2987 1658 3024 atque
1677 2976 1833 3021 'asperam
1857 2977 1968 3008 vitam
2016 2974 2092 3007 uxit
2120 2991 2132 3008 ,
2159 2977 2197 3020 τις
2222 2978 2305 3020 qm?

1409 3023 1552 3064 busdam
1601 3024 1678 3057 aliis
1726 3020 1850 3055 sanetis
1894 3017 2108 3053 monialibus
2156 3016 2308 3057 Virgini.-

1407 3071 1472 3105 bus
1508 3078 1647 3115 praeerat
1685 3092 1694 3101 .
1766 3077 1813 3100 uae
1842 3067 1913 3101 iarn
1938 3065 2053 3100 exafla
2090 3068 2196 3096 :etate
2224 3056 2307 3092 bea-

1409 3125 1486 3150 tum
1522 3114 1647 3148 Nilum
1677 3113 1729 3145 uti
1764 3112 1880 3145 filium
1910 3133 1922 3149 ‚
1961 3122 1978 3143 a
2005 3111 2192 3154 iuventute
2214 3100 2299 3136 dili-

1408 3159 1533 3205 gebat.
1571 3159 1686 3200 Quam
1711 3155 1831 3190 beatus
1858 3155 1926 3201 ipse
1948 3155 2053 3189 Nilus
2084 3150 2234 3186 vicitlim
2262 3157 2304 3183 ut:

1407 3214 1555 3239 matrem
1580 3204 1707 3237 eximia
1738 3204 1959 3235 veneratione
1982 3198 2301 3238 colebat‚e2mque

1407 3247 1549 3284 cuidam
1565 3247 1772 3284 Monasterio
1796 3245 1902 3280 beatae
1922 3245 2040 3279 Mariae
2058 3241 2172 3275 dicato
2187 3236 2304 3288 aqum}

1408 3297 1605 3341 Eupraxius
1638 3292 1745 3327 Italiae
1779 3293 1892 3337 regius
1917 3289 2020 3324 iudex
2046 3290 2080 3320 iu
2107 3285 2301 3321 Roffaneun

1409 3350 1492 3385 agro
1515 3346 1666 3374 erexerat
1687 3359 1699 3376 ,
1726 3336 1876 3383 praefecic
1899 3350 1909 3369 ·.
1944 3339 1980 3369 in
2003 3343 2071 3379 quo
2092 3332 2212 3365 beatus
2237 3330 2302 3361 Ni-

1411 3385 1466 3419 lus
1489 3386 1602 3432 plures
1630 3385 1784 3428 virgines
1819 3381 2006 3415 collocavit
2031 3400 2042 3416 ,
2071 3388 2174 3422 atque
2205 3377 2299 3408 inter

1407 3439 1544 3469 caeteras
1567 3427 1715 3474 sororem
1739 3450 1753 3469 2
1783 3429 1814 3464 ὅ(
1833 3435 1984 3470 matrem
2007 3423 2100 3461 beati
2123 3419 2305 3500 Steplgatniq‘

2229 3476 2239 3498 1
