2404 3882
14 305 60 359 {x
123 304 202 347 633

338 285 958 335 DESCRIPTIO

1017 285 1630 338 GALL1P0L13;
1751 292 1839 346 ‘34'

14 374 18 423 Ξ
53 384 232 422 ,ίῃάοςὶἰες
256 403 268 422 ,
303 382 335 416 δε
359 380 448 418 duro
471 382 594 418 robore
626 391 727 417 natos
749 405 762 423 ,
785 388 848 417 aut
873 379 1002 426 lapi-A
1019 389 1178 422 Romano
1192 378 1356 422 Principe
1381 376 1617 423 Heliogabalo
1635 381 1775 426 turpis,
1797 382 1915 419 &imt

0 426 17 515 l

0 613 16 670 ξε

60 431 143 465 deos
178 426 220 463 ad
246 429 448 473 exemplum
491 427 622 462 Niobes
653 449 666 468 ,
704 434 765 464 aut
789 435 957 463 natorum

49 475 313 514 Deucalionis,
338 477 369 508 Sc
396 473 542 518 Pyrrhae.

105 523 280 556 Novimus
302 519 420 564 quales
438 517 585 554 fuerunt
609 522 815 557 Graecorum
841 524 956 554 orato-

54 581 109 605 res
135 564 406 602 Demosthenes,
435 562 621 599 Aeschines
645 588 656 604 ,
681 569 711 601 &
733 569 791 602 hic
819 564 861 599 de
883 575 954 610 quo

52 614 192 650 dietum
216 611 311 642 κακοῦ
335 610 456 648 κόρακος
477 611 554 642 naxo*
579 612 651 643 &0¹31
669 635 680 652 ,
719 614 747 647 ii
780 622 867 659 quos
894 621 953 643 ar-

50 661 134 707 guit
156 680 169 698 ,
193 657 373 695 Socrates,
397 657 553 704 qualesq3
579 657 677 692 urbis
702 662 819 693 Rome
847 654 941 690 surn-

53 707 106 743 mi
124 712 278 738 oratores
314 722 326 740 ,
361 704 393 736 &
418 705 510 736 cives
536 701 746 738 nobiliffimi
773 701 939 740 Crassus,

53 754 87 786 ὂε
112 745 338 786 Romulius,
361 747 418 782 vel
443 748 516 794 ipio
540 748 713 783 Cicerone
738 748 832 783 teste.
857 749 941 781 Non

42 799 152 835 ,enim
171 803 274 839 turpe
291 801 365 827 erat
391 805 429 827 eo
454 801 611 838 tempore
644 793 738 836 apud
765 797 940 830 Romanos

50 844 223 890 primores
248 837 344 873 urbis
369 850 463 873 orare
485 836 601 873 causas
624 862 636 871 .
658 839 763 875 Certe
789 837 832 874 ab
854 849 941 874 uno,

53 891 86 923 Rc
109 898 183 921 tarn
208 883 332 929 grandi
357 883 431 918 falfi
457 884 654 919 testamenti
676 887 832 921 crimine
867 880 978 928 pos-B

50 933 135 968 sunt
169 927 382 975 deprehendi
419 930 563 964 illorum
601 941 716 966 mores
741 954 753 971 ,
786 926 944 975 qualesqs

50 978 123 1014 fint
148 973 251 1013 hodie
275 977 483 1010 recentiores
498 977 686 1017 Rhetores,
710 978 776 1014 hoc
795 974 839 1011 est
851 975 946 1008 Cau-

52 1023 177 1062 salici,
202 1029 242 1055 ut
262 1018 352 1055 dixi.

100 1069 258 1105 Nollem,
283 1069 484 1104 Summonti
497 1091 508 1109 ‚
521 1082 633 1107 errare
649 1091 660 1108 ‚
684 1077 746 1105 aut
760 1092 771 1110 ,
782 1065 875 1117 quod
885 1064 946 1100 de-

53 1112 164 1152 terins
190 1113 281 1148 mihi
302 1112 467 1153 videtur,
489 1118 686 1162 pugnantia
712 1115 826 1150 dicere
840 1135 852 1152 ν
876 1112 945 1146 1²00

47 1161 124 1199 ¹est,
145 1158 276 1206 praestat
301 1170 360 1205 per
382 1158 590 1204 dialogum,
613 1159 720 1208 quam
748 1173 806 1207 per
818 1156 942 1204 episto·

47 1207 150 1245 iam,
174 1213 236 1239 ant
264 1208 496 1240 acroamacice
520 1207 668 1242 scribere
687 1229 699 1246 ,
723 1204 816 1249 quod
837 1199 941 1249 poffis

53 1252 252 1300 pugnantia
276 1249 390 1284 dicere
407 1249 476 1285 sine
490 1261 587 1287 nota.
612 1252 738 1287 Nescio
762 1246 940 1297 equidem,

52 1309 100 1338 an
127 1293 341 1331 credendum
367 1293 408 1329 fit
435 1297 551 1332 Plinio
572 1298 711 1344 Juniori
728 1319 740 1335 ,
767 1295 830 1342 qui
860 1291 943 1326 affe-

52 1352 173 1380 verat,
198 1352 260 1375 110⁵
274 1351 532 1383 nonnunquam
553 1354 597 1378 ex
622 1353 695 1378 arte
710 1365 721 1382 ,
744 1345 775 1377 δι
791 1353 824 1375 re
839 1347 947 1386 quam

50 1389 243 1424 uaeramus
267 1408 278 1424 ‚
305 1386 446 1432 aliquod
473 1390 606 1423 vitium
630 1391 860 1423 contrahere.
886 1383 988 1433 AirC

45 1437 154 1470 'enim
172 1455 185 1473 ·‚
208 1443 271 1466 nos
303 1435 366 1476 qui
390 1434 428 1466 in
451 1432 550 1473 foro,
573 1437 603 1469 &
627 1436 720 1469 veris
747 1432 870 1468 litibus
900 1436 950 1462 te-

34 1492 36 1494 ·
54 1483 170 1516 :imur
185 1499 196 1517 ν
217 1477 375 1514 multum
398 1479 544 1515 malitia:
559 1503 570 1521 ,
594 1481 757 1526 quamvis
778 1477 950 1514 nolimus,

48 1524 279 1561 addiscimus.

103 1574 161 1605 An
175 1567 267 1616 quod
283 1570 498 1614 experientia
518 1580 743 1617 compertum
761 1570 945 1606 habemus,

52 1615 180 1652 falsum
206 1612 269 1648 effe
283 1616 475 1659 putemus?
500 1617 674 1652 Videmus
696 1619 794 1651 enim
819 1611 947 1650 exmi-

46 1662 151 1697 '1itari
168 1655 373 1704 Disciplina
397 1663 492 1696 viros
518 1661 594 1697 fieri
623 1660 815 1708 gloriosos,
840 1658 946 1701 iaeta-

51 1706 215 1744 bundos,
237 1715 394 1749 rapaces,
417 1706 584 1746 audaces,
606 1707 792 1753 lupe-rhos,
818 1712 948 1740 contu-

53 1750 213 1788 meliosos
226 1772 240 1790 ,
258 1748 414 1785 crudeles
426 1763 438 1785 τ
456 1764 499 1788 ex
511 1756 711 1788 Mercatura
724 1753 948 1796 vaniloquos,

54 1800 212 1845 periuros
227 1817 239 1835 ,
260 1795 443 1831 mendaces
457 1820 468 1836 ‚
489 1797 650 1837 fallaces,
677 1795 875 1833 infidiosos:
898 1803 941 1826 ex

52 1842 236 1878 Medicina
252 1841 364 1879 leves,
388 1854 521 1883 vanos,
546 1846 845 1890 intemperantes,
863 1849 943 1875 mu-

52 1888 194 1924 lierosos
219 1910 231 1926 ‚
265 1888 295 1919 δέ
332 1886 394 1922 fibi
434 1892 591 1924 invicem
617 1889 836 1924 detrahentes
860 1909 871 1926 ,
909 1885 986 1941 &D

53 1936 107 1976 (ut
131 1935 269 1977 dicunt)
295 1933 522 1978 parabolanos
547 1948 557 1968 z
582 1948 624 1970 ex
649 1933 841 1969 honoribus
870 1954 880 1970 ,
910 1931 941 1964 δέ

48 1978 333 2025 magistratibus,
358 1981 389 2013 &
419 1982 649 2026 Principum,
677 1982 708 2014 8(-
731 1980 943 2022 populorum

52 2027 166 2072 gratia
182 2052 194 2068 ‚
218 2027 249 2058 &
270 2021 386 2058 favore
413 2023 651 2070 superciliosos
676 2048 687 2065 ,
713 2021 914 2059 ambitiosos
930 2043 941 2059 φ

52 2069 262 2106 inferiorum
278 2092 288 2106 2
314 2072 501 2113 aequalium
516 2092 528 2109 ,
554 2071 626 2106 imb
642 2093 653 2110 ,
681 2068 940 2115 &superiorum

56 2124 322 2161 contemptores
339 2140 346 2148 .
372 2116 474 2151 Unde
493 2116 580 2153 reete
596 2117 766 2164 Propheta
789 2116 850 2148 ait.
875 2115 943 2148 Ho-

52 2173 110 2198 mo
158 2171 238 2194 cum
274 2163 309 2194 in
344 2159 458 2194 honore
492 2163 563 2209 qffirt
601 2185 614 2202 ‚
650 2173 713 2197 non
744 2162 941 2197 intellexit,

52 2215 276 2250 comparatus
300 2207 339 2250 est
359 2206 520 2246 iumentis
545 2207 774 2254 insipientibus
789 2228 800 2245 ‚
825 2206 869 2242 ὼ·
896 2203 940 2248 fi-

52 2252 152 2288 milis
178 2251 290 2298 faihu·
312 2252 355 2296 est
391 2252 484 2286 illis:
509 2267 551 2290 ex
567 2254 752 2288 Rethorica
790 2259 941 2285 conten-

51 2297 160 2334 tiosos
183 2298 330 2332 iniustos
353 2297 459 2332 modo
485 2300 609 2335 harum
631 2321 643 2338 ,
668 2297 772 2333 modb
797 2297 941 2331 illarum

51 2345 213 2391 partium
236 2353 401 2388 patronos
415 2365 426 2382 ³
452 2345 715 2380 mendaciorum
736 2343 943 2377 concinato-

56 2401 134 2428 res,
157 2390 189 2423 &
209 2386 362 2423 fautores
377 2411 388 2428 ,
415 2387 580 2438 satoresq5
605 2390 728 2424 litium
749 2411 762 2429 ,
794 2391 825 2422 δε
843 2386 943 2421 doro-

82 2434 212 2480 hagos,
235 2436 268 2469 &
286 2435 373 2471 lucri
396 2434 567 2480 cupidos,
591 2434 777 2481 exemplo,
802 2430 947 2468 &Cras-

70 2492 81 2514 1
96 2502 109 2519 ‚
134 2481 166 2514 δι
193 2480 373 2515 Hortenlii
389 2492 400 2514 ι
424 2493 466 2515 ex
487 2481 659 2529 opulento
676 2479 863 2514 sacerdotio
884 2478 945 2512 ubi

55 2523 234 2560 effundere
260 2523 358 2560 decet
383 2537 463 2573 opes
478 2525 657 2566 Ecclesiae,
682 2537 826 2564 avaros,
852 2526 948 2558 &te-

55 2581 186 2608 naces:
211 2578 248 2605 at
274 2569 334 2605 ubi
359 2594 371 2611 ‚
399 2575 429 2607 δι
451 2572 594 2619 quando
618 2594 631 2612 ,
662 2575 693 2607 δι
715 2569 841 2618 qulbus
874 2582 948 2604 non

54 2624 195 2663 oportet
222 2637 234 2654 ,
260 2615 439 2661 profusos,
458 2619 599 2653 venales
619 2640 631 2656 ‚
658 2616 803 2653 lascivos
827 2638 838 2655 ,
865 2616 948 2650 libi-

53 2661 136 2696 dini
158 2682 171 2700 ,
216 2664 247 2703 δέ
280 2664 369 2709 gulae
405 2662 575 2704 deditos,
600 2665 776 2711 ignaviae;
800 2660 949 2697 officinae

55 2705 128 2742 fere
153 2718 274 2742 omnes
300 2729 312 2746 ,
337 2711 368 2743 δε
394 2710 454 2755 qui
480 2708 616 2745 serviles
643 2732 654 2749 ‚
679 2713 709 2744 &
732 2709 949 2754 voluptarias

54 2760 147 2787 artes
171 2762 360 2793 exercent,
383 2757 433 2792 Bc,
464 2764 503 2789 ut
528 2757 717 2791 Terentius
741 2756 817 2792 ait,
846 2753 949 2791 lanii,

54 2798 191 2843 coqui,
215 2800 246 2832 &
272 2801 296 2833 ii
320 2811 408 2846 quos
423 2798 591 2835 banausos
607 2800 804 2836 Aristoteles
828 2809 946 2838 vocat,

53 2843 150 2883 nihil
173 2843 312 2886 poffunt
334 2846 460 2881 habere
485 2849 645 2891 ingenii.

100 2887 321 2935 Philosophia
346 2891 371 2925 fi
393 2903 432 2925 ea
460 2904 540 2926 vera
566 2890 606 2926 fit
633 2913 644 2930 ,
666 2905 738 2927 non
768 2890 847 2927 ἢὸὶει
878 2912 891 2929 ,
916 2893 982 2954 &F

56 2932 175 2970 fsscata
195 2955 208 2973 υ
234 2938 263 2967 δέ
288 2943 364 2981 quie
382 2949 418 2971 re
439 2960 450 2978 ,
477 2950 547 2972 non
573 2938 690 2972 verbis
724 2960 737 2977 ,
763 2940 794 2972 δι
821 2936 940 2974 vestib.

55 2979 212 3018 constet,
238 2977 306 3014 sola
332 2983 401 3022 est,
426 2995 500 3030 quae
523 2983 602 3018 vere
618 2984 782 3019 'homines
807 2986 838 3018 Sc
863 2981 944 3017 vere

57 3026 159 3066 iustos
182 3023 272 3059 facit
291 3047 303 3064 ,
324 3029 388 3071 stab
410 3041 477 3076 quo
503 3040 567 3063 uno
588 3033 722 3064 nomine
759 3034 772 3071 (
795 3039 835 3064 ut
860 3032 944 3064 Ari-

56 3071 192 3124 iinteles
211 3092 222 3109 ,
247 3073 279 3105 ὃ(
306 3072 408 3108 divus
433 3075 672 3120 Hieronymus
698 3078 767 3120 ait)
790 3077 942 3109 virtuter

50 3127 167 3150 ,omnes
199 3120 417 3153 continentur
442 3144 451 3153 .
491 3122 604 3155 Detur
636 3143 648 3160 ,
687 3132 725 3155 ut
758 3121 942 3158 diximus,

49 3173 129 3196 'non
154 3165 221 3196 arti
239 3183 250 3199 φ
276 3161 329 3196 sed
355 3165 483 3200 artifici
509 3168 635 3212 culpa,
659 3166 943 3203 dummodbmon

52 3218 223 3254 negemus
237 3218 340 3248 artes,
352 3214 617 3247 exercitationes
632 3235 643 3252 ,
666 3215 808 3258 negocia
825 3234 836 3252 2
857 3224 943 3248 con..

58 3250 257 3286 susstudines
283 3274 294 3291 2
330 3257 496 3290 nonnihil
534 3257 623 3300 posse
659 3258 701 3292 ad
728 3257 816 3295 bene
841 3281 853 3298 ,
880 3268 941 3298 aut

30 3304 31 3308 ’
58 3296 149 3333 male
174 3298 382 3334 vivendum.
405 3299 486 3334 Ideo
511 3303 569 3336 ille
593 3306 654 3348 qui
677 3306 797 3338 omnia
817 3306 936 3346 novit,

60 3355 132 3378 non
166 3343 277 3379 {olum
315 3345 476 3391 prohibet
514 3346 555 3381 ad
591 3347 679 3382 bene
713 3349 948 3391 instituendos

60 3399 182 3435 pueros
209 3391 383 3425 malorum
406 3391 685 3427 conversationes
709 3416 721 3432 ,
748 3391 802 3427 sed
824 3400 947 3441 aures‘‚=

63 3436 93 3466 &
115 3434 368 3470 consuetudine
392 3435 555 3472 audiendi
583 3460 594 3476 ,
625 3441 656 3472 8:
677 3440 796 3473 oculos
820 3438 839 3474 a
861 3451 948 3479 con-

62 3478 242 3513 suetudine
268 3481 408 3516 videndi
433 3487 557 3533 turpia
581 3508 590 3516 .
627 3485 851 3530 Qapropter
886 3489 948 3523 ab-

2 3519 22 3574 ias
59 3523 274 3561 hominanda
298 3526 340 3561 est
369 3529 429 3562 illa
466 3535 508 3562 at>
534 3529 769 3576 impurissimo
801 3533 946 3572 homine

1012 426 1208 479 pudenda,
1226 426 1257 459 δι
1283 420 1436 457 obscaena
1462 424 1609 461 licentia
1633 425 1913 467 vindemiarum:

1011 482 1043 514 ει
1067 469 1248 510 inhonesta
1262 469 1381 504 omnis
1404 468 1564 514 piffmra,
1585 480 1662 515 quae
1681 476 1802 507 omnia
1827 473 1909 518 plus

1010 519 1172 562 exemplo
1222 512 1306 550 unm
1327 523 1471 560 peccato
1494 523 1639 554 nocent.

1053 567 1207 607 Cur-‚qu
1235 560 1256 596 d
1271 560 1450 605 antiquis,
1474 568 1536 596 aut
1558 561 1692 601 iocari,
1716 571 1777 597 aut
1803 561 1913 602 laces-T

1010 609 1082 648 sere
1107 631 1120 649 ,
1144 617 1205 643 aut
1231 618 1312 641 vera
1334 603 1450 641 dicere
1476 606 1580 643 licuit
1605 627 1617 645 ‚
1643 605 1746 642 nobis
1767 619 1840 643 non
1866 609 1913 642 1i-·

1002 653 1128 692 cebit?
1152 657 1209 689 An
1232 650 1327 699 quod
1353 650 1408 685 illi
1435 650 1562 687 callide
1579 673 1591 692 0
1610 654 1640 686 δε
1661 664 1720 699 per
1745 652 1911 697 dialogos

996 701 1093 751 quasi
1114 703 1153 736 in
1171 697 1294 736 scena,
1319 704 1382 732 aut
1395 701 1544 742 antiqua
1561 697 1731 733 Comedia
1754 699 1912 743 loquen-⁸

1001 759 1051 784 tes
1074 746 1098 782 (i
1124 744 1211 793 quid
1233 752 1333 782 erat,
1360 752 1420 776 aut
1452 742 1699 788 paradoxum,
1723 751 1786 781 aut
1811 741 1910 790 aspe-

1000 807 1080 830 rum
1105 815 1117 832 ‚
1153 801 1214 828 aut
1241 788 1372 824 rationi
1413 787 1565 824 minime
1597 787 1908 829 consentaneum,

1000 848 1061 875 aut
1084 835 1235 873 difficile
1258 829 1442 882 persuasu,
1467 833 1561 879 quod
1589 834 1689 892 vulgi
1718 857 1730 874 ,
1758 843 1819 870 aut
1844 844 1911 880 po-

998 894 1143 922 tentum
1179 893 1278 917 aures
1315 888 1488 926 pungeret
1513 903 1525 920 ,
1561 890 1622 915 aut
1658 894 1676 915 a
1718 881 1909 915 communi

1001 933 1192 969 hominum
1218 923 1385 961 consensu
1412 926 1610 961 dissentiret
1635 951 1644 961 .
1678 925 1717 960 Id
1745 932 1787 958 ut
1813 926 1912 959 invi·

1001 977 1099 1012 diam
1131 973 1296 1018 fugerent
1322 994 1333 1010 ,
1367 970 1463 1006 vafre
1489 994 1500 1011 ,
1536 974 1570 1005 δε
1603 969 1710 1006 astute
1752 967 1913 1015 personis

1001 1019 1215 1070 quibusdam
1253 1015 1446 1054 dicendum
1479 1014 1758 1054 committebant
1797 1036 1810 1055 2
1831 1048 1837 1056 ,
1862 1023 1905 1049 ut

1002 1068 1128 1104 alienis
1150 1063 1317 1109 periculis
1339 1065 1427 1099 istus
1458 1061 1654 1096 evitarent?

1044 1114 1147 1156 Quot
1169 1131 1181 1148 ,
1208 1110 1240 1142 &
1261 1119 1395 1153 quanta
1414 1117 1538 1142 contra
1557 1107 1729 1147 justitiam
1757 1105 1822 1142 scri
1853 1104 1908 1140 se-

998 1174 1033 1200 re
1057 1158 1156 1193 Plato
1176 1176 1189 1193 ,
1216 1154 1418 1190 Aristoteles
1445 1174 1456 1191 ,
1487 1153 1615 1186 Cicero
1641 1174 1653 1191 ,
1681 1153 1817 1187 Car-nea
1846 1155 1906 1192 es,'

999 1202 1149 1253 Pyrrho,
1180 1199 1374 1234 Menander
1403 1221 1415 1238 ,
1441 1195 1629 1242 Euripides
1654 1220 1666 1237 ,
1702 1197 1910 1244 Aristopha-

998 1264 1059 1290 nes
1082 1270 1094 1287 ,
1123 1245 1330 1282 Plutarchus
1358 1267 1370 1285 ‚
1395 1251 1661 1288 contemptorq3
1678 1246 1817 1278 Divum
1844 1243 1907 1277 ho-

1000 1300 1167 1338 minumq
1193 1292 1398 1330 Lucianus,
1423 1292 1452 1324 δι
1478 1289 1616 1333 potenti
1647 1288 1790 1324 Flaccus
1818 1289 1913 1325 arni-

1001 1356 1042 1379 co
1062 1341 1199 1375 circum
1214 1336 1402 1381 praecordia
1427 1334 1521 1370 lusit.
1542 1333 1605 1367 Sed
1631 1333 1760 1373 caute,
1793 1336 1823 1368 δι
1839 1332 1912 1369 sce-

1003 1387 1082 1425 nice
1105 1407 1116 1424 τ
1141 1392 1180 1416 ut
1205 1383 1281 1417 dixi
1304 1404 1317 1422 s
1353 1393 1413 1428 Pet
1440 1381 1571 1415 alienas
1602 1378 1765 1424 personas
1793 1402 1804 1418 2
1834 1390 1912 1415 non

1006 1434 1124 1470 secus,
1149 1439 1188 1463 ac
1213 1426 1237 1462 fi
1261 1430 1340 1473 quis
1362 1428 1477 1461 aliena
1501 1424 1613 1459 bucca
1643 1447 1655 1464 ,
1692 1425 1809 1459 alieno
1834 1422 1908 1469 spi-

1009 1482 1080 1516 ritu
1110 1474 1242 1511 inflatis
1267 1472 1393 1513 tibiis,
1418 1470 1486 1518 ipse
1512 1469 1580 1504 suis
1606 1470 1758 1515 obgotis
1784 1469 1911 1511 modu-2

1007 1527 1182 1561 lationem
1200 1520 1445 1553 concinnaret.

1049 1567 1263 1605 Salustiusut
1290 1567 1470 1599 Romanus
1494 1562 1614 1609 aperte
1635 1564 1672 1597 in
1703 1572 1816 1596 mores
1838 1563 1909 1596 Ros

1003 1626 1126 1655 manos
1153 1611 1339 1646 invehitur
1356 1634 1367 1644 .
1395 1611 1521 1644 Isivius
1548 1609 1740 1643 Patavinus
1765 1610 1912 1648 timens,

1001 1672 1045 1698 ut
1080 1668 1167 1707 puto
1202 1678 1215 1696 ,
1253 1659 1449 1699 potentiam
1492 1657 1733 1689 Rornanorum
1759 1675 1771 1691 ,
1818 1663 1904 1689 curn

1005 1713 1184 1744 Romanos
1220 1700 1401 1736 interdum
1436 1711 1576 1745 carpere
1612 1701 1691 1733 vult
1714 1720 1727 1737 ,
1749 1710 1822 1733 non
1846 1696 1908 1736 sua.

1005 1752 1139 1800 ipsius,
1165 1746 1219 1783 sed
1247 1746 1554 1781 aut-Hannibalis
1580 1766 1591 1782 ,
1614 1754 1673 1778 aut
1700 1746 1909 1783 Sannitum,

998 1809 1059 1834 aut
1085 1794 1264 1839 Philippi,
1292 1801 1352 1825 aut
1377 1790 1440 1826 sub
1467 1790 1701 1834 Aetolorumj‚
1728 1800 1788 1824 ant
1817 1789 1907 1830 alio,

999 1856 1080 1880 rum
1105 1840 1251 1887 persona
1277 1836 1312 1870 id
1334 1835 1439 1872 facit.

1044 1892 1160 1924 Nemo
1195 1881 1313 1930 aptins
1346 1884 1519 1929 corripuit
1543 1893 1656 1917 mores
1696 1881 1900 1921 hominum,

999 1934 1106 1983 quim
1131 1933 1200 1967 viri
1227 1930 1339 1964 Sanc-Tr
1364 1929 1541 1974 Prophette
1567 1949 1578 1966 ,
1614 1930 1643 1961 Sc
1671 1924 1902 1973 Philosophi,

1000 1990 1152 2029 quorum
1180 1975 1287 2011 verba
1311 1973 1445 2021 spicula
1484 1971 1684 2008 acutissima
1717 1971 1797 2006 lunt
1819 1993 1833 2010 2
1869 1972 1902 2003 &

1000 2027 1171 2062 acerrimo
1197 2033 1359 2059 veneno,
1384 2021 1451 2055 hoc
1477 2019 1546 2057 est,
1575 2016 1645 2064 ipsa
1680 2020 1829 2051 veritate
1854 2017 1900 2052 il-

1000 2075 1066 2109 lita
1090 2095 1100 2104 .
1136 2066 1368 2103 Callisthenes
1402 2063 1596 2100 Alexandri
1637 2075 1748 2098 mores
1773 2063 1906 2107 :palam

1000 2114 1226 2154 execrabatur
1249 2134 1260 2151 ‚
1289 2112 1518 2147 Anaxarchus
1556 2111 1806 2143 Nicocreontis
1832 2110 1903 2143 C,-

1000 2164 1096 2211 prii,
1120 2163 1274 2194 Socrates
1301 2155 1572 2192 Athenienlium
1598 2179 1608 2188 .
1648 2155 1739 2189 Cato
1772 2154 1832 2189 ille
1868 2166 1902 2188 e-

1001 2220 1104 2243 verus
1132 2207 1303 2240 vitiorum
1329 2201 1513 2237 inseSiator
1542 2224 1553 2239 ‚
1578 2202 1609 2234 &
1635 2203 1798 2235 Romanae
1825 2211 1903 2247 pro-

997 2255 1121 2289 bitatis
1157 2250 1359 2294 exemplum
1384 2269 1395 2286 ,
1433 2259 1507 2282 non
1530 2245 1646 2281 solum
1683 2246 1902 2290 corripiebat

999 2302 1091 2335 vitia
1117 2320 1128 2337 ,
1151 2296 1205 2331 sed
1229 2293 1322 2341 apud
1348 2296 1515 2328 Senatum
1538 2313 1550 2330 ‚
1586 2293 1617 2326 ὅ(
1638 2291 1780 2339 Judices
1806 2290 1903 2327 defe-

999 2345 1117 2383 rebat,
1139 2346 1170 2378 δζ
1191 2338 1373 2376 accusabat
1397 2360 1409 2377 ,
1440 2340 1471 2372 Sc
1493 2346 1535 2372 ut
1561 2335 1603 2371 ad
1629 2337 1761 2372 nostros
1783 2336 1904 2371 redea-

1000 2390 1263 2435 muS,Joannes
1285 2385 1344 2419 ille
1359 2406 1370 2423 ,
1386 2396 1458 2419 non
1477 2383 1656 2429 Apollinis
1670 2405 1682 2422 ‚
1711 2380 1766 2416 sed
1794 2382 1903 2417 Chri-

1005 2437 1042 2470 sti
1068 2436 1200 2477 judicio
1220 2432 1377 2477 optimus
1399 2428 1605 2471 judicatus,
1631 2425 1809 2464 Herodem
1835 2426 1904 2463 sce-

1004 2483 1086 2517 leris
1108 2482 1239 2526 arguit.

1053 2524 1409 2564 Novi‚Summonti,
1434 2533 1490 2556 eos
1515 2522 1577 2567 qui
1600 2518 1690 2555 bene
1714 2542 1725 2560 ,
1751 2532 1790 2555 ac
1812 2518 1899 2562 iuste

1005 2577 1160 2614 vivunt,
1177 2573 1239 2618 qui
1262 2569 1430 2612 castigant
1457 2569 1573 2613 turpia
1590 2589 1601 2605 ‚
1626 2576 1743 2612 patere
1769 2565 1904 2612 semper

1004 2621 1180 2656 malorum
1195 2614 1377 2650 morfibus.
1404 2614 1492 2656 Quae
1508 2615 1661 2647 crimina
1680 2615 1813 2647 Socrati
1829 2622 1904 2646 non·

1007 2665 1139 2700 tributa
1169 2660 1278 2697 sunt?
1309 2662 1507 2694 Dominum
1531 2658 1685 2693 nostrum
1709 2680 1720 2696 2
1749 2662 1908 2696 Petrum,

1010 2712 1180 2748 Paulum,
1205 2709 1391 2744 Boetium,
1417 2706 1638 2740 Aristotelem
1664 2726 1675 2743 ,
1701 2702 1776 2738 falfi
1802 2704 1902 2737 testes

1008 2754 1259 2792 accusaverunt
1276 2777 1287 2786 .
1315 2752 1468 2798 Joannes
1493 2750 1552 2784 ille
1579 2749 1674 2784 idem
1707 2749 1808 2784 heros
1830 2770 1842 2788 ,
1872 2751 1905 2782 &1

1005 2802 1237 2838 monstrorum
1253 2821 1264 2837 -,
1287 2800 1353 2834 hoc
1375 2797 1420 2831 est
1442 2797 1621 2830 vitiorum
1640 2794 1819 2833 domitor,
1846 2798 1903 2830 in-

1005 2848 1106 2883 saniae
1131 2845 1356 2880 insimulatus
1380 2843 1437 2877 est·
1465 2843 1529 2876 Ait
1559 2843 1825 2882 Hieronymus:
1849 2844 1908 2875 Ca-

997 2895 1125 2939 stigans
1149 2892 1298 2925 crimina
1317 2888 1434 2933 fabius
1458 2887 1539 2933 sum
1561 2886 1794 2929 criminosior.
1823 2883 1906 2920 Ideo

1002 2939 1044 2974 ne
1071 2949 1150 2972 vera
1181 2935 1378 2971 tacebimus
1400 2956 1412 2973 ,
1448 2935 1537 2980 quia
1563 2935 1731 2967 timemus
1753 2930 1800 2966 ne
1818 2930 1905 2967 falsa

1001 2985 1105 3020 nobis
1131 2983 1350 3016 obiiciantur
1366 2981 1383 3014 ἓ
1400 2979 1518 3026 usque
1539 2977 1622 3014 adeo
1645 2976 1688 3012 ne
1714 2976 1904 3014 consenue-

999 3044 1037 3067 re
1061 3028 1202 3067 secula,
1231 3030 1261 3062 Sc
1291 3028 1481 3062 hominurn
1506 3026 1677 3070 ingenia,
1704 3032 1744 3057 ut
1770 3024 1907 3070 aliqui-

1000 3076 1066 3111 bus
1100 3087 1141 3110 ex
1175 3074 1288 3108 nostra
1314 3074 1481 3108 Minerva
1513 3070 1627 3104 dicere
1651 3090 1663 3107 ,
1706 3077 1766 3103 aut
1792 3069 1907 3105 facere

1000 3119 1242 3169 nequeamus?
1273 3124 1326 3154 An
1355 3119 1457 3154 nobis
1482 3129 1552 3152 non
1578 3114 1701 3150 licebit
1718 3136 1728 3154 ,
1748 3114 1814 3150 nili
1840 3125 1903 3193 per

998 3171 1129 3203 alienos
1156 3168 1281 3203 calles,
1310 3167 1342 3199 δε
1367 3176 1428 3211 per
1451 3164 1566 3197 aliena
1590 3161 1735 3207 vestigia
1760 3163 1838 3196 ince
1865 3171 1905 3193 e-

999 3227 1059 3251 re,
1088 3222 1149 3247 aut
1173 3213 1296 3246 nostris
1318 3211 1429 3244 oculis
1459 3206 1575 3242 videre
1600 3229 1611 3246 ,
1647 3206 1772 3241 nostris
1798 3207 1898 3241 auri-

998 3258 1196 3296 busaudire
1212 3280 1223 3297 ,
1244 3256 1297 3291 sed
1323 3258 1448 3291 alienis
1471 3256 1487 3289 Ξ
1514 3255 1663 3299 Magnos
1691 3275 1704 3292 ,
1729 3255 1760 3286 ὅ(
1788 3251 1906 3288 excel-

994 3308 1106 3341 lentes
1132 3307 1227 3339 viros
1253 3301 1350 3338 suiss'e
1367 3303 1513 3336 Veteres
1537 3321 1548 3337 ‚
1582 3309 1622 3334 ut
1658 3301 1720 3347 qui
1765 3306 1902 3334 amator

1006 3348 1081 3386 sum
1095 3372 1107 3388 ‚
1134 3353 1165 3384 Sc
1185 3348 1376 3383 admirator
1395 3347 1635 3392 Antiquitatis
1654 3357 1726 3381 non
1752 3353 1903 3391 negaveff

1005 3399 1075 3432 rim
1091 3418 1102 3433 ,
1123 3394 1177 3429 sed
1205 3403 1324 3429 tamen
1349 3394 1523 3428 homines.

1051 3443 1212 3479 Tantum
1239 3452 1302 3485 ego
1324 3438 1442 3473 tribuo
1464 3438 1685 3473 humanitati
1711 3459 1723 3475 2
1756 3439 1786 3469 δε
1812 3434 1901 3469 faci-

995 3488 1098 3521 {irati
1122 3495 1212 3525 tuae,
1237 3487 1438 3520 Summonci
1455 3507 1466 3522 ‚
1495 3493 1537 3518 ut
1556 3482 1688 3528 sperem
1716 3482 1735 3516 a
1764 3492 1797 3515 te
1826 3479 1902 3514 dari

1003 3534 1146 3569 veniam
1161 3530 1319 3567 audienti
1334 3530 1470 3577 aliquid
1486 3531 1575 3565 mihi
1593 3539 1762 3573 arrogare.
1801 3528 1901 3606 ‘lum-

1782 3580 1810 3606 tl
1829 3575 1880 3607 lar·
