2404 3882
1 1156 34 1185 ι,
73 1143 197 1177 dam.

149 340 231 384 605

0 407 15 441 l·
52 440 53 443 ¹
92 428 146 471 spe
171 420 295 457 auxilii
323 442 334 458 ‚
373 420 514 456 tandem
547 421 734 469 desperatis
771 423 814 460 de
840 424 1017 466 auxilioA

93 469 232 505 Gallis,
258 469 288 500 δε
317 465 395 499 urbi
410 465 735 508 consentientibus,
760 468 842 503 urbs
867 471 904 503 in
917 468 974 503 de-

89 516 261 551 ditionem
284 512 409 548 venit,
434 511 489 545 his
514 512 807 553 conditionibus,
831 522 870 548 ut
891 513 974 548 urbs

0 560 10 603 ἶ,
48 560 50 574 ”
88 561 302 596 servaretur,
327 558 359 590 δε
380 556 480 590 Galli
506 568 588 592 cum
612 556 680 593 suis
704 557 888 594 sarcinulis
916 560 974 592 in-

11 618 14 629 ¹
47 620 49 625 ’
86 605 240 641 columes
260 601 364 654 ‘abire
389 603 677 648 permitterentur
703 628 713 638 .

743 601 846 638 Unde
884 603 972 638 reete

85 651 165 697 quis
189 648 361 686 conjicere
396 649 529 692 poterit
567 670 578 686 ,
615 661 687 682 non
720 647 970 693 magnitudine

0 693 4 706 '
44 709 48 721 ›
84 704 290 732 murorum,
317 704 389 726 non
412 690 573 728 fossarum
597 691 812 731 altitudine,
839 691 895 728 sed
916 696 972 728 vi—

42 767 45 774 :
83 750 202 776 rorum
227 739 382 773 animis,
407 740 437 770 Sc
459 740 618 777 virtute,
643 749 749 783 regna
776 746 881 784 atque
908 750 970 773 ur-

1 787 5 800 ¹
41 788 44 798 ⁶
82 786 139 821 bes
161 781 311 819 servari,
337 792 440 828 atque
462 781 627 817 defendi·
652 781 751 817 Forte
773 795 848 819 non
860 785 969 818 nimis

5 833 10 853 ²
39 826 43 866 j
82 826 172 866 male
198 826 452 862 i,acedaem0nii
490 825 729 873 opinabantur
763 850 775 867 ,
806 830 971 874 quamvis

81 873 282 910 Aristoteles
306 872 407 907 aliter
431 870 572 908 senserit
600 898 610 906 .
647 874 698 908 Hi
724 874 849 908 urbem
873 872 970 908 suam

431 333 533 375 DE
595 333 802 376 SITU
852 327 1269 390 JAPYGIAE
1326 331 1598 377 LIBER.

1797 337 1883 393 '604

1034 425 1066 458 &
1089 422 1219 457 imbres
1245 421 1349 457 facile
1373 421 1530 458 exedunt
1555 444 1567 462 ,
1604 423 1636 457 ὅ(
1659 427 1938 463 comminuunt?

1032 467 1257 515 Hydruntini
1284 490 1297 507 ‚
1333 470 1363 503 δε
1387 471 1507 504 Roccae
1531 468 1652 515 oppidi
1678 468 1809 508 lapides
1831 482 1934 509 cretae

1029 525 1109 548 com
1137 511 1240 551 a&ae,
1265 524 1338 548 non
1363 515 1445 559 igne
1470 512 1598 552 emitae,
1623 511 1677 547 sed
1701 513 1776 549 solae
1803 513 1935 552 duratae

1030 557 1108 594 fimi
1127 569 1161 591 es
1185 555 1290 596 sunt,
1315 559 1366 592 ita
1383 567 1423 592 ut
1442 557 1592 596 domus,
1616 568 1723 606 quam
1745 567 1842 604 pater
1854 560 1934 596 aedi-

1029 603 1151 640 ficavit
1173 624 1186 642 ,
1214 614 1232 636 a
1256 601 1334 639 fflio
1356 602 1546 640 reficienda
1569 602 1611 638 fit
1641 615 1651 638 ς
1688 615 1771 638 cum
1794 615 1854 650 per
1879 614 1934 641 tot

1029 647 1150 684 saecula
1172 647 1273 682 duret
1293 650 1481 686 materies,
1507 650 1644 683 mirum
1665 648 1736 687 est,
1760 651 1823 695 qui
1848 660 1934 685 ven-

1028 701 1106 728 tum
1122 715 1134 731 ,
1158 692 1354 728 &imbrem
1368 705 1440 727 non
1456 695 1664 739 patiuntur:
1679 702 1799 729 contra
1813 695 1935 740 ignem

1027 740 1104 773 vim
1129 737 1261 775 habent
1288 738 1526 775 indomitam:
1555 739 1678 774 incolae
1704 739 1935 785 pyromachos

1028 792 1158 818 vocant
1181 804 1193 822 ‚
1218 784 1348 829 quibus
1373 782 1414 818 ad
1439 781 1646 823 fornacem,
1673 785 1704 818 ec
1728 783 1878 823 furnos,
1903 788 1936 819 δε

1027 830 1187 866 caminos
1208 836 1361 863 utuntur
1388 853 1397 861 .
1436 833 1512 874 Ego
1549 840 1620 863 non
1655 829 1762 864 aliam
1797 827 1936 866 causam

1027 872 1275 919 affignaverim
1290 895 1301 911 ‚
1325 872 1390 908 nisi
1405 885 1482 908 eam
1496 885 1564 917 qua
1576 873 1664 908 coSli
1680 875 1804 909 lateres
1819 896 1830 912 ,
1845 887 1933 910 ven-

0 930 10 942 ι·
38 918 43 943 Ᾰ
81 927 250 960 tanquam
266 916 440 963 pecudum
462 929 602 963 gregem
625 918 733 971 muris
750 917 867 953 claudi
884 917 1012 967 pasfiB
1027 928 1101 959 (οε,
1127 921 1157 952 &
1182 917 1313 966 imbres
1325 933 1346 959 ,⁴
1361 930 1435 954 non
1456 919 1546 954 coeti
1569 918 1654 954 vero
1679 921 1777 966 ignes
1801 920 1931 957 melius

74 1093 144 1140 bus
162 1118 174 1136 ‚
214 1099 246 1130 δι
266 1099 440 1142 repagulis
472 1097 619 1133 salutem
652 1099 715 1134 effe
734 1100 964 1137 committen-

234 1143 316 1177 Non
347 1143 440 1178 secus
463 1143 710 1179 existimabant
733 1146 965 1188 antiquorum

72 1187 219 1235 quidam
241 1208 253 1225 2
289 1190 350 1234 qui
382 1190 474 1224 nihil
501 1189 613 1222 literis
634 1187 878 1223 mandandum
899 1186 962 1222 effe

71 1231 256 1277 censebant
280 1245 291 1266 ι
330 1245 412 1269 nam
438 1236 659 1268 immemores
681 1254 693 1272 ,
716 1235 748 1267 δε
773 1230 960 1267 obliviosos

69 1277 148 1314 fieri
169 1300 182 1317 ,
217 1280 281 1323 qui
305 1279 437 1314 chartis
464 1276 562 1312 suam
585 1276 725 1313 servant
748 1275 934 1318 scientiam
950 1300 960 1310 .

67 1322 152 1359 Jd'eo
177 1325 410 1369 Hippocrates
434 1326 504 1366 (ut
527 1324 578 1356 ait
601 1323 786 1365 Galenus)
810 1320 889 1357 usus
915 1321 961 1356 est

0 965 9 977 ”
39 961 41 963 ’
78 975 150 1000 non
172 961 251 996 lunt
275 973 286 993 ι
317 962 388 1011 ᾖσε,
407 962 512 997 modo
534 974 694 998 enervari
717 966 809 1000 vires
831 965 969 998 animo-
1027 966 1242 1012 patiuntur.

3 1019 9 1027 ·
35 1007 39 1047 ξ
76 1019 155 1044 rum
181 1006 356 1052 putabant
375 1030 388 1047 ,
413 1008 498 1042 dum
520 1011 630 1043 muris
655 1031 667 1048 ,
704 1009 861 1044 turribus
885 1030 898 1046 ,
935 1011 966 1042 δε

2 1058 8 1067 ’
33 1050 38 1086 ,’
75 1051 169 1088 foffis
188 1050 406 1088 confiderent
430 1067 440 1086 :
467 1052 558 1088 ferro
581 1056 678 1089 enim
705 1075 716 1091 ‚
741 1065 815 1088 non
840 1052 968 1099 lapidi-

1072 1012 1102 1042 A
1129 1007 1322 1043 Brundufio
1347 1011 1478 1054 Lupias
1502 1010 1645 1056 pedestri
1666 1010 1794 1045 itinere
1812 1012 1935 1047 occur:

1023 1057 1073 1089 nit
1100 1052 1236 1087 Balesus
1261 1052 1378 1088 diruta
1402 1075 1414 1092 ,
1450 1066 1489 1088 ac
1510 1059 1652 1102 penitus
1679 1054 1793 1089 deleta
1819 1069 1829 1089 ε
1855 1068 1931 1102 quae

1021 1101 1084 1133 vix
1105 1097 1273 1133 monstrat
1296 1098 1394 1132 urbis
1419 1100 1602 1145 vestigium
1628 1100 1786 1135 ambitus
1811 1113 1933 1135 muro-

1021 1155 1130 1181 rum,
1155 1152 1197 1176 ut
1220 1143 1331 1177 oculis
1356 1146 1477 1179 metiri
1507 1147 1590 1180 licet
1628 1147 1710 1181 V11.
1744 1153 1808 1180 aut
1826 1148 1929 1182 VIII.

1019 1197 1094 1222 erat
1117 1187 1305 1222 stadiorum
1329 1207 1340 1225 2
1365 1188 1428 1222 ubi
1455 1192 1550 1224 muri
1577 1188 1724 1226 fuerunt
1751 1211 1764 1228 2
1783 1201 1929 1236 -aogeres

1019 1242 1187 1282 tanturn,
1211 1233 1242 1267 δε
1266 1232 1428 1278 lapidum
1448 1236 1586 1270 cumuli
1599 1243 1794 1271 cernuntur
1807 1220 1931 1271 dume-

1019 1279 1066 1312 tis
1088 1277 1190 1312 obiiti
1217 1302 1228 1311 .
1253 1279 1383 1313 Coloni
1407 1291 1523 1315 arcem
1547 1279 1767 1317 monstrant,
1793 1281 1857 1315 ubi
1882 1282 1929 1317 est

1018 1322 1123 1358 altior
1146 1321 1306 1368 lapidum
1330 1333 1474 1364 acervus
1497 1346 1511 1365 ‚
1548 1323 1638 1360 fossae
1661 1324 1752 1371 pene
1777 1338 1796 1360 o
1825 1327 1929 1368 pletae

69 1368 291 1412 breviloquio
307 1371 478 1415 antiqu-o,
502 1369 533 1403 ἃ
553 1368 643 1412 leges
668 1379 744 1414 quae
768 1379 865 1403 nunc
877 1366 958 1401 sunt
1015 1367 1097 1402 sunt
1111 1389 1124 1407 ,
1148 1368 1231 1403 urbs
1245 1376 1319 1403 tota
1333 1370 1460 1404 aratris
1483 1372 1637 1405 vertitur
1654 1392 1667 1409 ,
1692 1373 1795 1406 numi
1811 1380 1922 1410 mata,

67 1411 309 1450 verbofiffimae
331 1435 343 1452 ‚
367 1418 486 1450 decem
509 1411 626 1458 primb
644 1435 656 1452 ,
680 1413 809 1449 dehinc
833 1411 1048 1461 duode-C&
1071 1413 1210 1459 lapilli,
1237 1425 1324 1461 quos
1342 1414 1534 1451 corneolos
1557 1414 1710 1457 dicunt,
1734 1418 1846 1452 variis
1860 1419 1921 1461 in,-

64 1462 138 1494 cim
161 1461 278 1505 parvis
302 1458 441 1494 tabellis
465 1457 768 1497 continebantur,
793 1460 825 1493 δε
853 1461 960 1493 Lace·-
1018 1458 1140 1504 figniri
1164 1457 1285 1504 figuris
1309 1456 1392 1504 saepe
1413 1463 1642 1506 reperiuntur
1669 1487 1679 1496 .
1704 1462 1778 1496 Hic
1802 1461 1928 1498 urbem

66 1504 232 1539 daemonii
255 1504 330 1544 juce
365 1526 377 1543 ,
414 1516 486 1539 non
512 1501 640 1549 scripto
665 1503 857 1539 utebantur
883 1525 896 1544 ‚
928 1506 960 1538 δε

65 1551 246 1585 Dominus
265 1550 376 1585 noster
400 1547 644 1593 breviloquam
670 1547 794 1583 docuit
826 1551 958 1584 oratio—

65 1605 248 1634 nem‚cum
261 1594 354 1630 dixit
365 1593 674 1631 Math.V1.0rantes
683 1601 800 1629 autem
813 1606 852 1628 ne
865 1593 957 1629 mul-

65 1639 399 1683 tiloquifitis.Nunc
415 1649 471 1675 tan
479 1648 513 1674 ta
526 1637 571 1672 est
584 1638 759 1676 librorum
772 1642 872 1686 copia
887 1662 897 1679 ,
923 1642 955 1674 δε

64 1684 290 1730 magnitudo,
304 1695 344 1720 ut
356 1696 427 1719 non
440 1681 666 1722 solumdit‘ia,
681 1682 734 1718 sed
749 1697 791 1719 ne
808 1687 956 1719 nomina

61 1730 401 1777 quidemAuStorum
419 1730 622 1764 memoriter
638 1739 752 1764 tenere
762 1730 952 1766 valeamus.

155 1774 298 1811 Ridebis
328 1774 463 1809 fortasse
498 1774 650 1819 Spinelle
691 1796 703 1813 ,
739 1776 952 1815 Galateum,

1017 1503 1173 1540 mediam
1195 1502 1328 1539 dividit
1353 1505 1413 1538 via
1442 1527 1454 1544 ,
1487 1517 1563 1551 quae
1585 1506 1604 1540 a
1628 1509 1739 1541 Roma
1763 1506 1927 1542 Brundu-

1017 1549 1133 1587 fiurn,
1157 1551 1189 1584 &
1213 1549 1293 1584 inde
1315 1551 1470 1594 Lupias,
1497 1553 1528 1586 δε
1555 1549 1710 1586 Rhudias
1731 1574 1744 1592 ,
1771 1551 1813 1586 de
1837 1552 1926 1587 hinc

1018 1593 1252 1639 Hydruntum
1276 1593 1400 1630 ducit.
1426 1598 1510 1631 Haec
1535 1593 1609 1641 sepe
1634 1598 1728 1632 inter
1754 1597 1920 1632 Brundu-

1015 1638 1105 1674 fium
1125 1661 1138 1677 ,
1162 1642 1193 1674 δε
1220 1643 1272 1675 Lu
1304 1642 1353 1674 ias
1375 1661 1387 1678 ,
1413 1643 1444 1674 <Sc
1465 1643 1559 1676 inter
1585 1644 1717 1687 Lupias
1742 1665 1755 1684 ‚
1795 1644 1827 1677 &
1847 1644 1924 1688 Hy-

1013 1683 1188 1720 druntum
1210 1696 1252 1732 pa
1282 1697 1334 1721 im
1349 1685 1437 1720 hinc
1453 1708 1464 1724 ,
1492 1695 1599 1730 atque
1621 1687 1723 1722 illinc
1742 1691 1918 1723 cernitur:

1013 1740 1121 1774 quam
1142 1732 1238 1764 viam
1254 1731 1378 1765 incolae
1392 1732 1584 1772 Trajanam
1597 1732 1801 1778 appellant.
1828 1734 1919 1768 Tra-

1008 1776 1110 1816 ianus
1122 1776 1277 1817 enim(ut
1290 1777 1341 1809 ait
1355 1776 1512 1810 Galenus
1526 1775 1626 1820 lib.9.
1641 1777 1923 1823 Therapeuticaey

59 1823 122 1864 qui
143 1821 352 1856 brevitatem
380 1817 498 1855 suadet
533 1841 545 1858 ,
578 1830 662 1854 cum
686 1818 756 1864 ipse
791 1820 950 1867 prolixus
1006 1820 1608 1864 antiquasviasinItaliacorrexit.
1635 1822 1770 1858 Urbem
1784 1823 1919 1858 induas

58 1867 103 1904 fit
119 1887 132 1906 ‚
155 1864 210 1901 sed
235 1867 301 1902 hoc
322 1864 388 1900 rite
411 1864 454 1900 fit
468 1890 478 1899 .
502 1865 773 1909 Breviloquium
794 1877 867 1900 non
889 1877 949 1910 po·
1006 1872 1119 1907 partes
1133 1863 1222 1900 secat
1233 1874 1368 1901 torrens
1385 1875 1448 1906 ,ut
1473 1879 1516 1905 ex
1528 1868 1613 1911 ripis
1628 1868 1911 1907 conjicerelicet.

56 1913 120 1949 test
133 1911 400 1950 commendari,
426 1918 486 1944 aut
498 1909 658 1945 damnari
671 1912 994 1962 multiloquiumD
1012 1908 1239 1946 Rivulusfuit
1250 1914 1414 1956 perennis
1428 1924 1523 1959 aquae
1538 1914 1636 1954 cujus
1655 1915 1846 1956 originem,
1859 1911 1919 1949 seu

56 1957 124 1995 nisi
137 1958 265 2004 longa,
290 1958 322 1991 δι
337 1957 471 2000 prolixa
486 1957 669 1997 oratione„
694 1957 852 1992 Galenus
864 1967 948 1990 cau·
982 1953 1145 1998 ,fontem
1182 1957 1221 1991 in
1246 1955 1362 1992 media
1387 1957 1470 1992 urbe
1484 1956 1583 1994 fuiffe
1604 1958 1872 1994 demonstratur.

56 2003 129 2041 sam
152 2002 372 2049 prolixitatis
397 2005 537 2036 suarum
564 1999 869 2048 conscriptionum
895 2015 948 2037 re-

55 2049 125 2085 fert
147 2047 197 2083 ad.
212 2059 270 2082 eos
290 2069 302 2086 ,
334 2048 396 2091 qui
420 2044 502 2081 falsa
522 2045 688 2090 dogmata
709 2050 948 2088 invexerunt,

55 2097 96 2130 in
108 2092 239 2141 quibus
259 2090 485 2128 confutandis
508 2091 623 2137 longis
636 2089 854 2128 sermonibus
865 2105 953 2140 opus

56 2138 101 2175 est
131 2163 141 2172 .
165 2141 240 2184 Ego
260 2150 332 2172 non
358 2136 502 2174 libr0s⁵‚
525 2135 581 2172 sed
600 2139 745 2173 inanem
772 2137 953 2174 immensi-

56 2194 167 2220 tatem
191 2185 429 2217 recentiorum
455 2180 626 2217 librorum
650 2204 662 2222 ‚
697 2185 759 2228 qui
787 2194 859 2218 non
884 2182 951 2218 nifi

55 2230 288 2275 arrogantiae,
314 2230 344 2261 ὃς
370 2226 673 2272 depravandorum
697 2230 950 2274 ingeniorum,

56 2278 88 2309 δε
120 2272 325 2312 alendorum
362 2272 605 2316 impressorum
638 2273 738 2308 causa
763 2272 952 2320 scripsere.

53 2322 139 2355 Non
151 2329 216 2365 ego
241 2330 361 2353 muros
375 2340 386 2357 ,
410 2320 441 2352 δι
461 2319 681 2353 munitiones
692 2319 951 2358 damnaverim,

51 2364 107 2400 sed
129 2365 197 2400 hoc
212 2364 304 2399 mihi
329 2361 460 2408 semper
484 2360 680 2409 persuasum
694 2365 803 2400 velim
817 2386 829 2404 ,
855 2364 950 2412 quod

54 2409 179 2445 nostris
204 2408 309 2444 malis
343 2408 536 2442 didicimus
572 2421 583 2442 z

49 2454 235 2503 sumptus,
260 2461 314 2488 tot
337 2454 556 2488 munitiones
581 2451 742 2500 profuiffe
765 2475 776 2493 ,
801 2453 948 2498 ffilamq,

50 2511 138 2536 eam>
153 2507 268 2535 artem
295 2496 508 2534 tutifflmam
529 2497 593 2534 effe
620 2521 632 2538 ‚
656 2512 763 2546 quam
792 2500 948 2535 valentes

53 2544 285 2591 volentesque
305 2552 492 2578 tutanturt
517 2555 582 2577 nec
608 2545 677 2580 tibi
702 2544 720 2581 ὲ
743 2554 863 2582 mente
887 2557 948 2580 ex-

0 2631 1 2637 ¹
49 2588 146 2626 cidat
169 2610 184 2629 ‚
222 2591 316 2624 Oriae
336 2586 456 2622 sumus
481 2600 491 2622 z
526 2588 631 2625 Unde
655 2593 759 2627 Vin.
786 2590 949 2627 millibus

0 2642 1 2648 ¹
52 2635 215 2682 passuum
231 2633 324 2670 abest
344 2632 606 2669 Mandurium:
633 2637 694 2670 alii
720 2638 947 2683 Menturum:

18 2724 22 2728 .
49 2672 243 2724 Stephanus
266 2679 432 2724 Μαγδυζμσν
457 2691 468 2713 2
506 2678 598 2715 unde
620 2682 829 2717 Mandurini
852 2703 864 2721 ,
886 2683 944 2716 in-

50 2726 134 2761 colae
147 2724 407 2761 Mandurinum
426 2724 575 2760 dicunt.
600 2729 677 2762 Hoc
691 2724 862 2772 &Qinto
888 2729 944 2761 Fa-

49 2769 111 2806 bio
123 2772 160 2806 vi
171 2778 314 2816 captum
331 2769 429 2806 fuiffe
446 2771 705 2808 LiviusAue‘tor
718 2773 823 2807 ethin
843 2773 950 2818 plano

47 2814 154 2853 fitum
163 2823 236 2850 erat
245 2816 415 2862 oppidum
427 2813 627 2854 mediocris,
639 2827 678 2850 ac
691 2819 724 2857 iu
732 2817 767 2852 sti
784 2819 952 2852 ambitus.

621 2410 715 2445 nibil
754 2409 856 2445 nobis
896 2418 987 2471 totE

1098 2003 1174 2036 Nec
1191 2005 1328 2038 mirum
1351 2003 1396 2037 est
1421 2026 1432 2037 .
1459 2004 1569 2039 Multi
1594 2002 1709 2038 fontes
1725 2003 1788 2039 effe
1809 2003 1919 2040 deflec-

1008 2055 1092 2082 runt
1116 2068 1128 2086 ,
1153 2056 1261 2094 atque
1279 2047 1342 2081 ubi
1370 2046 1484 2084 fontes
1513 2061 1586 2084 non
1609 2047 1751 2084 fuerant
1776 2072 1789 2090 ,
1827 2052 1917 2087 oriri

1008 2091 1175 2131 videntur
1202 2117 1212 2127 .
1248 2095 1451 2128 Nonnullos
1493 2094 1687 2130 fluminum
1711 2095 1829 2131 alueos
1853 2094 1916 2137 fic->

1007 2149 1065 2172 cos
1102 2137 1264 2173 videmus
1297 2161 1307 2172 .
1383 2139 1441 2173 uid
1475 2139 1593 2176 dicam
1637 2138 1680 2173 de
1720 2138 1918 2181 fontibus,

1012 2186 1043 2218 δε
1076 2183 1203 2218 rivulis
1234 2185 1247 2214 ?
1281 2185 1332 2218 ait
1360 2185 1562 2220 Aristoteles
1587 2211 1598 2220 ,
1634 2186 1749 2233 Neque
1782 2185 1912 2226 Nilus,

1011 2239 1115 2273 neque
1143 2230 1273 2264 Tanais
1290 2228 1425 2276 fimpel'
1447 2231 1641 2274 fluxerunt
1677 2255 1688 2266 .
1739 2233 1820 2267 Non
1849 2231 1913 2266 diu

1011 2273 1056 2308 est
1073 2295 1084 2313 ,
1109 2273 1203 2320 quod
1229 2276 1266 2309 in
1291 2276 1488 2321 Campania
1526 2283 1625 2312 tanta
1649 2287 1822 2323 aquarum
1835 2287 1914 2318 eruq

1009 2321 1064 2364 pit
1085 2318 1280 2354 multitudo
1305 2342 1317 2359 ,
1352 2330 1392 2355 ut
1415 2323 1611 2357 maximam
1651 2331 1790 2370 partem
1814 2323 1910 2362 ejus,

1008 2376 1083 2410 quae
1109 2362 1201 2399 infra
1228 2366 1357 2402 Nolam
1387 2366 1432 2402 est
1456 2368 1613 2412 regionis
1638 2389 1651 2407 ,
1690 2369 1722 2402 δε
1750 2368 1912 2402 Nuceriae

1007 2421 1149 2454 campos
1176 2410 1430 2452 inundaverit,
1456 2416 1487 2447 Sc
1512 2411 1636 2458 (quod
1661 2412 1828 2448 mirabile
1841 2411 1910 2455 est)

1005 2456 1201 2490 maximam
1232 2454 1354 2492 secum
1386 2459 1510 2493 attulit
1550 2457 1703 2504 piscium
1743 2459 1911 2504 copiam:

1004 2511 1080 2545 quae
1105 2510 1156 2534 res
1173 2502 1382 2544 Campania:
1406 2502 1689 2550 pestilentiffima
1710 2502 1782 2538 fuit
1799 2529 1808 2537 .
1836 2505 1910 2538 No-

1006 2547 1078 2581 lam
1099 2544 1224 2582 urbem
1250 2545 1340 2594 pene
1362 2548 1579 2596 depopulata
1605 2549 1650 2584 est
1675 2571 1687 2588 ,
1725 2560 1843 2590 nunc,
1868 2558 1910 2583 ut

1006 2601 1080 2627 erat
1107 2612 1119 2630 ,
1140 2588 1249 2626 ficcus
1274 2593 1319 2628 est
1344 2604 1489 2640 campus
1513 2618 1523 2628 .
1563 2596 1642 2630 Hac
1665 2596 1703 2630 in
1727 2607 1763 2631 re
1789 2602 1913 2632 motus

1007 2646 1104 2672 terrae
1126 2638 1283 2673 muitum
1306 2638 1470 2684 poflhnt:
1496 2641 1720 2686 quinetiam,
1748 2643 1780 2674 δε
1807 2650 1905 2675 terrae

1007 2683 1148 2717 cultura
1164 2707 1174 2717 .
1199 2684 1262 2718 Ait
1274 2685 1436 2719 Plinius:
1460 2683 1590 2731 oppido
1604 2685 1758 2729 quodam
1774 2684 1908 2720 deserto

1008 2726 1207 2762 cultoribus
1231 2725 1347 2764 fontes
1370 2727 1512 2768 defuisse
1535 2752 1550 2770 ‚
1572 2729 1702 2765 eisdem
1722 2730 1906 2766 redeunti·-

1007 2773 1096 2811 bus,
1124 2775 1296 2809 &terram
1316 2775 1518 2810 colentibus
1539 2774 1656 2810 fontes
1681 2786 1822 2822 quoque
1849 2786 1901 2808 re-

1009 2818 1102 2853 diisse
1129 2843 1139 2852 .
1176 2818 1381 2854 Ludovicus
1404 2818 1446 2854 de
1468 2822 1595 2857 Monte
1617 2821 1690 2855 alto
1727 2818 1907 2868 Syracusa-

112 2861 232 2902 'Hujus
267 2864 305 2897 in
327 2870 482 2896 extrema
508 2861 742 2900 *occidentali
778 2872 875 2908 parte
909 2874 951 2897 ex
1007 2874 1075 2897 nus
1103 2885 1114 2901 ,
1151 2865 1207 2897 vir
1243 2861 1436 2899 acutiffimi
1475 2866 1645 2911 ingenii,
1681 2878 1756 2902 non
1790 2863 1902 2901 solum

50 2905 227 2942 veteribus
255 2909 370 2942 ruinis
403 2906 640 2941 constitit-ium
673 2907 718 2942 est
754 2907 948 2953 oppidum,

47 2949 141 2998 quod
181 2950 300 2988 casale
346 2963 482 2986 novum
530 2950 656 2986 dicunt
696 2974 709 2992 ‚
760 2951 948 2998 plusquam

45 2997 184 3033 CCCC.
235 2995 321 3032 focis
356 2996 561 3031 habitatum
599 3019 612 3037 ,
659 3009 843 3034 murorum
892 3000 948 3033 in-

45 3049 164 3087 gentes
190 3041 344 3084 reliquiae
367 3040 545 3087 aliquibus
579 3043 616 3076 in
642 3044 729 3079 locis
754 3041 945 3082 videntur,

46 3098 130 3133 quas
151 3086 265 3121 adhuc
290 3100 332 3122 ne
357 3085 471 3131 ipsum
498 3086 643 3132 quidem
669 3112 680 3128 ‚
706 3087 797 3135 quod
823 3089 945 3122 omnia
1002 3098 1025 3134 p

43 3130 159 3176 perdit
182 3140 346 3177 tempus,
374 3142 438 3165 nec
462 3133 580 3167 coloni
606 3133 750 3169 avidum
777 3144 887 3180 genus
902 3132 944 3166 ad

44 3178 164 3212 omnia
187 3175 392 3211 devastanda
405 3197 416 3213 2
442 3179 643 3221 pervincere
657 3189 797 3223 potuere
811 3202 821 3211 .
845 3177 944 3213 Foffae

44 3231 155 3267 parvae
175 3232 239 3267 pro
262 3231 446 3256 murorum
470 3224 719 3266 magnitudine
740 3247 752 3264 ,
775 3227 813 3258 in
827 3224 944 3270 aliqua

43 3274 141 3311 parte
160 3268 293 3311 gemini
316 3264 431 3300 nescio
454 3276 522 3308 qua
545 3267 644 3302 causa
662 3268 828 3304 videntur
840 3270 935 3303 muri

42 3313 104 3345 vix
125 3312 253 3346 XXX.
268 3334 278 3350 ‚
303 3320 362 3346 aut
385 3311 466 3344 XL.
492 3310 613 3353 paffib.
634 3316 726 3348 inter
750 3327 784 3348 se
807 3312 937 3347 distan-

42 3365 117 3393 tes,
140 3355 276 3392 fortasse
303 3357 502 3391 Pomerium
523 3355 656 3399 duplici
675 3371 776 3393 muro
799 3357 938 3392 claude-

39 3399 142 3436 batur
168 3426 178 3434 .
203 3401 264 3436 Sed
291 3407 328 3436 in
354 3401 417 3435 hac
440 3402 582 3445 regione
604 3414 675 3436 non
701 3402 938 3438 monstrantur

41 3445 103 3488 (ut
125 3449 253 3491 erant)
272 3445 413 3492 grandia
435 3466 447 3483 ‚
472 3456 577 3492 atque
596 3447 767 3482 immensa
792 3446 938 3482 urbium

41 3490 202 3535 vestigia:
227 3491 326 3527 causa
349 3491 418 3525 est:
445 3493 617 3537 quoniam
639 3491 768 3536 lapides
784 3515 794 3532 ‚
820 3494 851 3526 δε
868 3494 935 3526 toti

38 3533 105 3582 fere
117 3534 383 3583 ubiquessmolles
396 3558 406 3576 ,
432 3547 470 3572 ac
496 3534 635 3584 fragiles
648 3558 659 3577 ,
683 3548 769 3584 quos
788 3546 936 3583 yentus‚

1007 2907 1124 2952 legum
1148 2906 1202 2945 sed
1226 2909 1421 2945 multarum
1444 2922 1586 2958 quoque
1608 2912 1759 2947 aliarum
1785 2921 1903 2946 rerum

1007 2951 1237 2998 peritiffimus
1264 2976 1276 2993 ‚
1314 2958 1474 2991 narravit
1498 2956 1590 2992 mihi
1624 2968 1699 2992 rem
1722 2956 1900 3003 prodigio-

1005 2998 1077 3032 sam
1101 3019 1112 3036 2
1150 3008 1215 3032 nec
1240 2998 1394 3036 dandam
1417 3000 1605 3038 ‚oblivioni
1632 3015 1641 3035 :
1681 3001 1896 3037 Arethusam

1005 3047 1113 3078 Anno
1135 3043 1263 3079 Christi
1290 3046 1344 3079 M.
1355 3049 1403 3081 D.
1417 3048 1466 3081 V.
1488 3045 1585 3082 sexto
1601 3047 1661 3082 die
1685 3047 1892 3082 Decembris

1029 3089 1145 3122 enitus
1169 3086 1327 3127 defecisse
1350 3113 1362 3131 2
1389 3094 1466 3132 ita,
1491 3102 1533 3128 ut
1553 3093 1674 3128 alveus
1695 3095 1894 3128 exaruerit.

1004 3131 1089 3167 lude
1112 3133 1240 3168 XXV.
1269 3135 1431 3180 januarii
1464 3139 1628 3174 emittere
1658 3137 1795 3184 coepiffe
1821 3147 1897 3172 tur-

1001 3177 1100 3213 bidas
1123 3200 1134 3217 ‚
1171 3182 1202 3214 <Sc
1227 3181 1451 3217 turbulentas
1485 3194 1591 3230 aquas
1617 3197 1627 3217 ε
1664 3184 1734 3230 post
1757 3182 1896 3228 aliquot

1000 3222 1075 3256 dies
1095 3225 1206 3259 claras
1224 3247 1235 3263 ,
1261 3235 1301 3260 ut
1332 3226 1490 3268 solebat,
1514 3239 1555 3263 ac
1579 3228 1745 3275 limpidas
1760 3253 1770 3262 .

1028 3268 1123 3303 Urbs
1134 3270 1206 3304 haec
1216 3268 1234 3304 a
1245 3274 1334 3308 mari
1343 3271 1456 3309 tribus
1463 3272 1610 3308 milibus
1622 3274 1779 3317 passuum
1791 3273 1893 3308 abest:

994 3317 1035 3349 in
1058 3317 1124 3348 hoc
1157 3314 1270 3359 spatio
1300 3318 1415 3352 multa
1441 3327 1578 3365 reperta
1610 3318 1691 3353 sunt
1712 3318 1891 3364 sepulchra

996 3371 1039 3394 ex
1062 3359 1143 3394 albo
1180 3372 1362 3396 marmore·
1380 3386 1391 3396 .
1431 3365 1526 3400 cum
1563 3364 1664 3401 effem
1702 3366 1740 3397 in
1767 3363 1892 3398 villula

995 3417 1074 3440 mea
1098 3427 1110 3444 -ι
1148 3417 1224 3451 quae
1247 3407 1291 3440 ab
1316 3407 1384 3442 hoc
1409 3409 1491 3444 loco
1512 3409 1613 3445 distat
1647 3407 1702 3442 sex
1726 3407 1888 3443 millibus

997 3450 1192 3493 passuum,
1231 3452 1378 3487 rusticus
1408 3453 1553 3500 quidam
1576 3477 1587 3493 ‚
1625 3453 1712 3487 dum
1737 3461 1887 3498 puteum

992 3494 1128 3530 foderet
1154 3517 1165 3535 ‚
1192 3498 1334 3533 invenit
1353 3499 1517 3543 quasdam
1543 3498 1686 3534 tabellas
1714 3492 1887 3530 candidis-

993 3539 1073 3577 fimi
1099 3544 1286 3579 marmoris
1313 3568 1328 3597 ‘.
1357 3547 1484 3587 Statim
1505 3541 1685 3578 accersivit
1705 3553 1761 3579 me
1787 3554 1798 3580 3
1823 3551 1888 3585 ego

1776 3597 1849 3621 non
