2404 3882
152 134 206 175 37

382 112 1052 162 AMBROSII

1160 112 1653 159 Laouls
1831 124 1886 172 38

95 225 160 261 que
184 221 447 252 mercaturam3
471 213 542 247 haec
567 212 713 250 omnia,
739 210 798 244 vel
821 222 893 245 non
913 209 1126 260 par-Altum
1150 207 1369 243 versicolores
1392 209 1493 248 alite,
1519 211 1594 246 aliae
1607 224 1687 247 vero
1701 218 1804 260 atque
1815 214 1955 261 quam:

92 272 135 294 va
160 261 308 295 Nolanis
347 259 492 295 traam-e
531 256 698 303 placuisse
722 278 736 296 ‚
775 256 991 301 apertiffime

91 305 370 340 demonstratur.
399 305 536 338 Divino
564 312 717 348 namque
742 302 856 336 cultui
884 300 989 336 enixe

91 360 258 386 navatam
285 351 303 385 a
329 349 478 386 Nolanis
502 358 643 394 operam
683 346 803 392 priscis
840 347 912 381 illis
936 345 992 381 sae-

90 396 181 431 culis
197 395 365 432 testantur
380 394 516 428 nobilia
535 392 717 437 complura
733 393 864 438 templa
878 414 889 432 ‚
914 403 990 438 quae

87 443 126 474 in
163 440 249 475 urbe
286 441 396 476 ereSta
434 437 579 473 fuerunt
615 450 624 471 z
663 439 776 472 veluti
813 438 989 484 templum

87 487 287 527 Mercurii,
316 490 347 522 δε
373 485 548 530 templum
574 483 744 527 Augusti·
771 486 813 516 In
837 495 992 517 marmo-

87 544 125 567 re
142 534 239 567 enim
265 535 415 579 antiquo
440 526 530 565 hisce
551 529 665 562 literis
692 526 801 562 inciso
828 529 990 571 legimus,

87 580 132 612 L.
146 578 334 613 SATTlO.
357 575 711 612 LLAEHILEROTI.
726 574 990 607 MAGISTRO.

87 622 415 659 MERCURIALI,
455 621 531 656 ET.
568 619 864 658 AUGUSTALI.
904 619 990 651 NO—

86 668 171 704 LAE.
201 668 434 716 Tranquillm
459 688 471 705 5
499 668 528 700 &
555 665 619 700 Dio
646 661 804 708 scripsere
830 662 986 708 Augusto

1046 255 1207 301 plurimae
1227 253 1397 289 deauratae
1423 252 1502 288 sunt
1529 277 1541 293 ‚
1567 258 1730 301 graphice
1752 258 1950 305 compositae

1046 299 1299 345 compafflaeque
1324 301 1437 334 varias
1454 311 1567 334 rerum
1590 302 1740 345 pieturas
1765 303 1949 349 repraesen-

1046 353 1125 380 tant
1143 357 1154 383 3
1177 355 1385 389 quanquam
1403 342 1420 377 a
1434 343 1601 389 plusculis
1617 347 1701 380 locis
1724 349 1851 383 cecidit
1863 348 1948 390 ejus-

1046 389 1141 427 modi
1166 388 1354 424 crustatilis
1378 390 1514 436 pis-lura
1530 411 1540 428 ‚
1568 391 1791 435 longitudine
1812 403 1948 439 tempo-

1046 439 1093 472 ris
1118 434 1280 469 dissoluta
1302 460 1310 468 .
1347 438 1469 469 Praeter
1494 435 1561 469 hoc
1576 438 1949 477 vermiculatum‚an·

1048 486 1258 527 tiquumque
1274 491 1361 524 opus
1387 477 1526 514 basilica
1542 480 1682 525 grandis
1710 485 1949 518 recentiorum

1047 537 1142 562 more
1167 523 1338 559 aedificata
1362 525 1406 559 est
1432 546 1444 563 ‚
1471 524 1629 559 ambiens
1657 526 1841 573 tegensque
1876 540 1949 562 me-

1046 579 1226 607 moratum
1251 581 1338 615 opus
1362 572 1554 616 antiquum
1573 583 1584 609 5
1605 579 1710 616 atque
1736 574 1828 606 inter
1857 574 1951 606 anti-

1044 619 1106 662 qui
1130 617 1242 660 operis
1269 615 1478 653 columnas,
1504 616 1622 661 aliqua
1649 618 1728 651 sunt
1753 629 1949 651 marmorea

1043 662 1223 706 sepulchra
1263 660 1305 695 ad
1327 671 1479 707 quatuor
1505 661 1607 706 pedes
1641 661 1738 709 supra
1764 665 1949 707 pavimen-

87 713 267 758 templum
305 714 457 748 ereetum
482 711 545 747 effe
570 710 667 743 Nolae
689 733 698 742 .
736 710 808 742 Nos
832 705 1030 755 quoque-,B
1047 718 1124 743 tum
1149 709 1309 742 extantia
1337 728 1349 744 ·,
1374 717 1458 741 curn
1485 704 1776 751 inscriptionibus
1813 709 1949 742 multo-

84 768 130 793 ut
154 759 288 794 diSium
312 758 356 793 est
383 781 394 798 ‚
431 767 583 793 marmor
609 751 785 800 quoddam
811 756 910 790 Nolae
938 753 988 789 ef-

87 802 214 839 fossum
239 803 418 843 vidImus‚
443 800 535 848 quod
559 808 632 833 erat
647 797 799 833 incisum
825 798 916 834 hisce
943 801 987 834 li-

88 854 195 885 teris.
222 851 465 885 TEMPLUM
492 845 719 880 AUGUSTI.
745 846 877 880 Caetera
903 857 985 880 vero

88 898 195 931 verba
215 893 438 930 deciderant.
463 892 655 936 Templum
681 892 888 936 quinetiam
916 893 986 925 Vi..

89 944 204 980 Storiae
230 940 383 976 etesium
407 937 506 973 fuisse
532 937 629 971 Nolae
651 957 663 974 ‚
691 934 783 969 illud
820 934 984 971 sacellum

89 989 228 1024 indicat
253 1009 264 1024 ‚
289 983 384 1030 quod
405 983 506 1019 hodie
524 980 677 1026 fimffam
714 980 890 1015 Vifforiam
923 993 986 1016 vo-

87 1041 195 1068 cant.
223 1031 432 1075 Qnetiam
462 1031 499 1062 in
524 1029 654 1074 angulo
677 1026 775 1062 urbis
803 1025 990 1069 praesentis,

89 1080 154 1126 qui
183 1078 366 1111 Vulturno
385 1082 495 1110 vento
521 1076 701 1111 occurrit,
727 1074 765 1107 in
792 1083 862 1119 quo
884 1076 990 1107 turris

89 1119 336 1169 Megaldorum
362 1128 485 1159 extat,
511 1118 676 1153 sacellum
696 1117 802 1162 fanfft‘i
836 1121 991 1153 Servato-

88 1172 138 1205 ris
163 1177 258 1204 nunc
291 1166 444 1201 cresium
470 1167 514 1201 est
539 1188 552 1204 ‚
578 1165 620 1199 acl
644 1163 764 1198 decem
791 1164 900 1210 passus
937 1164 991 1198 di-

87 1217 176 1251 stans
213 1210 231 1245 ὲ
252 1214 361 1246 muris
387 1237 396 1246 .

88 1266 323 1298 memoratum
341 1257 406 1296 est,
434 1257 532 1295 loco,
547 1264 650 1303 atque
674 1258 714 1290 in
733 1264 806 1289 tota
833 1258 984 1294 vicinia,

87 1318 164 1353 quae
180 1306 450 1349 septentrionem
478 1300 593 1338 versus
606 1300 812 1337 extenditur
827 1324 838 1339 ‚
864 1299 990 1344 quous-

92 1363 161 1399 que
197 1351 256 1383 via
291 1346 358 1382 sese
383 1350 520 1393 erigens
545 1369 557 1386 ‚
585 1356 724 1393 portam
761 1347 989 1382 Cortefellam

88 1393 237 1431 ostendit
263 1415 274 1431 2
301 1403 391 1430 terra
417 1393 488 1439 ipsa
527 1394 744 1427 eminentior
770 1402 894 1428 caetero
918 1390 988 1427 solo

91 1449 188 1478 extat
217 1462 228 1479 ‚
255 1450 294 1473 ac
321 1448 492 1485 tanquam
521 1449 665 1472 verruca
703 1441 845 1483 exurgit
864 1451 875 1472 t
916 1450 987 1472 non

91 1485 240 1533 quidem
265 1486 466 1525 naturalis,
492 1484 546 1520 sed
573 1483 707 1518 fafftitia
723 1505 734 1521 ‚
759 1486 991 1518 caementitia-

91 1545 157 1580 que
177 1544 189 1572 3
213 1543 254 1566 ex
275 1529 403 1571 quibus
430 1530 620 1571 conjeeiare
647 1530 731 1563 licet
751 1552 762 1569 ‚
789 1530 866 1564 illic
887 1528 990 1563 fuisse

89 1590 165 1615 non
190 1588 304 1611 arcem
318 1597 331 1617 2
354 1575 406 1610 sed
422 1577 595 1622 templum
617 1576 737 1621 potius
764 1574 907 1622 aliquod
929 1586 992 1609 no-

89 1624 188 1660 bile:
218 1621 389 1667 simulque
418 1621 579 1656 sacellum
607 1620 910 1665 antiquiusculum
939 1618 995 1653 su·

93 1668 321 1717 perstrufftum
347 1666 392 1701 ei't
425 1679 436 1706 3
473 1664 685 1705 consuetudo
726 1678 762 1701 n.
802 1664 870 1699 suit
898 1665 996 1708 super

93 1724 211 1752 vetera
227 1734 238 1751 ‚
262 1714 372 1746 etiam
397 1725 488 1747 nova
511 1710 602 1748 sacra
614 1709 991 1750 aedificandi,statuen-

93 1761 230 1805 dique3
255 1757 357 1795 simul
383 1760 492 1793 etiam
513 1757 595 1803 quia
619 1766 717 1790 extra
744 1769 825 1792 eum
848 1759 990 1796 locum,
1009 1767 1013 1769 ⁷

91 1807 149 1841 vel
176 1804 286 1839 traSiu
313 1814 442 1846 magno
468 1804 535 1838 alia
560 1802 742 1847 complura
763 1804 902 1848 vestigia
930 1815 994 1836 an-

94 1854 278 1897 tiquorum
316 1847 547 1884 aedificiorum
581 1850 729 1882 iuventa
752 1847 836 1884 sunt
861 1871 873 1888 3
898 1846 991 1895 quod

93 1900 186 1934 circa
203 1895 378 1940 templum
401 1894 565 1930 :edificari
591 1893 805 1939 potuiffent3
831 1897 922 1930 cii-ca
936 1906 995 1928 ve-

93 1956 133 1979 10
159 1953 273 1978 arcem
300 1952 372 1974 non
398 1940 614 1986 potuissent.
643 1941 762 1986 Neque
794 1939 993 1975 dubitarim

93 1988 268 2027 affirmare
305 1985 397 2033 apud
432 1996 565 2020 veteres
599 1985 754 2021 Nolanos
791 1985 918 2032 priscos
958 1984 995 2018 id

94 2035 271 2079 templum
294 2032 454 2067 dicatum
478 2030 576 2068 fuisse
597 2032 676 2077 Jovi
703 2034 903 2070 servatori,
933 2043 994 2077 ap-

94 2080 335 2129 pellatumque
362 2077 424 2112 effe
438 2078 613 2122 templum
639 2080 829 2112 Servatorzs
847 2091 856 2110 :
873 2089 995 2124 quem-

97 2124 286 2162 admodum
311 2121 403 2168 apud
426 2123 520 2161 alios,
539 2124 712 2169 populos,
739 2131 819 2159 tum
842 2128 995 2161 Graecos‚

95 2181 176 2206 tum
202 2171 347 2205 Latinos
368 2169 448 2215 Jovi
474 2170 648 2204 Servatori
686 2166 769 2203 fana
795 2171 884 2216 erigi
908 2181 994 2203 con-

96 2214 237 2251 suevisse
266 2225 277 2252 3
301 2213 396 2251 favet
425 2213 528 2248 nobis
552 2227 593 2249 eo
616 2212 716 2257 paeto
754 2228 827 2250 rem
852 2213 1043 2273 censen-E

96 2262 197 2299 tibus
223 2261 289 2293 loci
304 2259 410 2295 huius
438 2260 704 2294 nomenclatura
718 2260 906 2299 hodierna,
920 2259 1000 2294 vul-

98 2305 258 2352 garisque
282 2317 296 2339 ι
319 2314 547 2351 nuncupatus
571 2317 608 2338 n.
633 2304 741 2351 vulgo
766 2304 899 2352 semper
928 2305 998 2340 fuit

97 2357 128 2388 is
157 2352 252 2386 locus
341 2360 354 2386 t
381 2347 400 2384 ὲ
418 2350 612 2384 senioribus
639 2351 842 2388 audi-vimus
859 2373 870 2390 ‚
896 2350 1000 2386 ficuti

96 2408 197 2434 nunc
220 2397 416 2441 appelatur
441 2397 550 2429 etiam
573 2419 586 2436 ,
612 2397 775 2429 Sei-vator
797 2410 807 2431 t
843 2409 915 2432 nou
943 2407 1002 2430 au-

97 2452 174 2479 tem
188 2441 323 2485 sanfffus
346 2446 509 2476 Ser-vator
536 2453 548 2480 3
581 2443 736 2477 retinens
762 2443 1001 2479 vetustiorem,

98 2501 178 2525 non
203 2497 322 2522 autem
337 2487 454 2523 sacelli
477 2489 683 2523 recentioris
709 2489 999 2534 appellationenu

100 2539 216 2571 Extat
254 2542 376 2579 praeter
410 2534 481 2571 haec
507 2555 519 2572 ‚
556 2534 614 2568 vel
651 2533 851 2579 tempestate
888 2533 1002 2568 nostra

98 2580 276 2625 templum
302 2577 479 2625 quoddam
504 2588 601 2616 extra
626 2578 750 2613 urbem
777 2578 817 2613 ad
843 2582 1001 2626 primum

98 2625 255 2673 lapidem
273 2648 286 2665 ‚
313 2637 381 2673 qua
407 2621 535 2671 spel-‚iat
562 2624 697 2660 areium
721 2647 732 2663 ‚
757 2626 850 2672 quod
888 2629 1002 2660 Creme-

97 2676 230 2710 terium
251 2672 432 2719 appellant
459 2672 615 2710 Nolani,
640 2682 844 2717 quanquam
871 2681 1002 2707 nomen

99 2719 169 2754 hoc
194 2716 310 2764 ipsum
335 2718 501 2753 Graecum
526 2719 716 2759 Κοιμητιίριον
749 2717 923 2762 fignificat
950 2716 998 2749 lo-

98 2775 184 2800 cum
210 2767 334 2811 inquo
357 2762 556 2805 complures
581 2763 735 2799 dormire
760 2761 890 2798 solent:
905 2759 998 2809 quod

99 2809 352 2847 dormitorium
379 2809 505 2848 ajunt,
528 2821 601 2844 nou
625 2810 801 2857 templum
816 2834 826 2844 .
854 2812 896 2844 ln
912 2818 1002 2842 tem-

101 2855 163 2898 pio
187 2866 270 2890 vero
293 2853 367 2901 ipso
392 2851 512 2889 medio
534 2867 591 2890 ara
605 2854 1000 2900 magna,quadrataque

101 2900 172 2940 est,
196 2912 302 2946 quarn
317 2900 506 2939 ambiunt,
530 2898 719 2936 secundum
742 2909 893 2948 quatuor
920 2903 994 2934 eius

102 2946 213 2980 latera
239 2946 424 2992 aliquanto
459 2942 652 2981 secedentes
697 2956 849 2994 quatuor
897 2946 998 2980 coiu-

104 3003 271 3027 mnarum
285 2990 612 3036 ordineszquarum
637 2992 779 3038 fingulae
792 2992 888 3027 binis
915 2988 998 3025 infi-

105 3036 273 3071 dentibus
286 3035 434 3071 arcubus
452 3035 631 3078 subjacent
647 3061 658 3078 ,
685 3048 789 3084 atque
816 3037 912 3080 super
924 3047 1004 3070 cur-

104 3090 248 3117 vaturas
276 3085 441 3116 omnium
475 3094 623 3117 arcuum
650 3095 771 3131 aequa,
799 3093 902 3130 atque
931 3090 1002 3116 ter.-

105 3130 243 3164 minata
266 3128 483 3164 continuitas
505 3128 572 3167 est,
596 3140 666 3164 non
686 3140 856 3174 exurgens
881 3130 919 3162 in
944 3138 1006 3172 pa-

105 3176 259 3209 rietem3
284 3171 459 3220 triane-la
483 3185 592 3213 vero,
615 3187 692 3221 quae
714 3175 919 3209 acciderunt
948 3176 1005 3206 ine

109 3231 160 3256 ter
184 3219 287 3252 binos
314 3214 465 3263 quosque
491 3229 590 3253 arcus
605 3242 616 3258 ‚
643 3220 775 3266 repleta
789 3218 870 3255 sunt
894 3217 1004 3253 fabri-

107 3276 146 3300 ca
174 3264 327 3298 lateritia
355 3272 367 3301 3
391 3271 507 3298 totum
531 3267 653 3310 itaque
680 3269 745 3302 hoc
770 3277 855 3312 opus
871 3287 883 3304 ‚
908 3261 1002 3311 quod

107 3323 166 3358 per
193 3320 293 3348 arcus
329 3307 506 3342 columnis
538 3311 665 3345 insidet
691 3335 704 3352 ‚
730 3309 1003 3346 crustationibus

106 3355 229 3394 vitreis
240 3362 405 3403 opertum
419 3353 463 3390 est
479 3365 492 3400 3
515 3354 679 3402 tefferulae
692 3369 729 3403 η.
751 3357 871 3394 vitreae
885 3378 898 3397 ‚
919 3365 1007 3402 qua-2

1047 765 1127 789 rum
1155 752 1321 786 divorum
1358 754 1398 786 in
1425 754 1476 786 eis
1502 754 1763 788 tumulatorum
1788 778 1798 787 .
1837 756 1948 788 Extra

1043 810 1126 835 vero
1159 797 1339 832 basilicam
1360 809 1491 833 novam
1519 797 1639 832 multae
1667 797 1948 844 compertaesunt

1042 845 1198 888 reliquiae
1221 841 1451 877 aedificiorum
1467 865 1479 881 ‚
1512 855 1551 876 ac
1572 854 1745 878 marmora
1771 841 1785 877 ι’
1807 855 1882 890 quae
1909 844 1952 879 fi-

1043 890 1218 936 gnificant
1243 887 1560 933 magnitudinem,
1585 899 1625 921 ac
1647 889 1860 934 dignitatem
1887 901 1952 924 an-

1043 939 1150 981 tiquae
1189 934 1258 967 loci
1287 935 1360 965 eius
1398 930 1538 967 fabricae
1564 959 1573 966 .
1614 935 1824 977 Qinetiam
1856 937 1951 970 circa

1047 979 1194 1014 eandem
1219 976 1399 1012 basilicam
1428 989 1536 1023 parvo
1551 978 1737 1013 interiet-io
1763 977 1878 1024 spacio
1899 978 1951 1013 sa-

1046 1025 1135 1059 cella
1160 1023 1318 1069 quaedam
1351 1031 1474 1057 extant
1501 1047 1513 1063 ‚
1539 1023 1726 1058 noviliimo
1751 1023 1952 1060 aedificandi

1046 1082 1143 1106 more
1166 1068 1275 1103 ereeta
1299 1068 1481 1113 viliaque,
1507 1080 1711 1116 quanquam
1739 1082 1859 1105 eorum
1887 1071 1954 1104 ali-

1045 1127 1114 1162 qua
1129 1114 1210 1149 sunt
1231 1114 1455 1160 aliquantum
1482 1114 1772 1159 humidepreffa3
1799 1127 1874 1162 quae
1903 1127 1956 1150 res

1046 1161 1302 1207 antiquitatem
1319 1171 1386 1206 prae
1401 1157 1430 1192 se
1444 1156 1531 1194 ferre
1545 1159 1685 1194 videtur
1704 1186 1714 1194 .
1728 1163 1861 1196 Omnia
1884 1163 1956 1199 iqi-

433 1214 475 1246 ln
486 1212 565 1247 ohoc
591 1210 662 1257 ipso
689 1232 700 1249 ‚
726 1208 788 1243 ubi
815 1207 1034 1253 sacellumC
1050 1216 1108 1241 tur
1132 1218 1171 1240 ea
1195 1205 1393 1240 indicantia
1416 1203 1496 1239 sunt
1518 1206 1617 1239 illius
1629 1203 1740 1246 sacri,
1773 1204 1955 1249 sanffique

1050 1254 1118 1287 loci
1150 1250 1388 1295 dignitatem:
1416 1250 1568 1296 licetque
1593 1250 1829 1298 speSiantibus
1856 1262 1955 1286 certo

1048 1296 1237 1333 conieEiari
1249 1319 1260 1335 ‚
1287 1297 1363 1330 illic
1380 1296 1499 1331 stetisse
1513 1296 1639 1331 fanum
1653 1297 1952 1342 pulcherrimum,

1047 1353 1152 1390 atque
1181 1340 1393 1377 ditissimum
1421 1364 1433 1380 ‚
1458 1352 1541 1376 cum
1568 1339 1784 1377 sacerdotum
1822 1341 1952 1377 affidue

1047 1389 1153 1424 deum
1180 1390 1360 1423 orantium
1380 1387 1568 1427 coenobio,
1595 1401 1634 1423 ac
1661 1387 1714 1429 (ut
1730 1389 1846 1428 ajunt)
1873 1386 1952 1422 dot-

1048 1437 1194 1470 mitorio
1221 1459 1229 1467 .
1266 1435 1370 1467 Viris
1395 1446 1431 1468 n.
1452 1431 1539 1468 reete
1565 1432 1669 1468 sacris
1695 1435 1851 1467 initiatis
1880 1432 1950 1466 duo

1048 1482 1123 1514 loca
1148 1478 1226 1514 satis
1251 1478 1339 1523 effe,
1366 1479 1518 1513 alterum
1541 1481 1579 1513 in
1595 1491 1664 1526 quo
1688 1477 1822 1513 faciant
1844 1476 1951 1516 sacra,

1047 1527 1197 1561 alterum
1221 1525 1283 1557 ubi
1308 1536 1452 1570 corpora
1477 1534 1601 1559 curent
1616 1538 1627 1565 3
1642 1524 1806 1558 strufftura
1831 1534 1951 1559 autem

1050 1572 1111 1606 ina
1142 1573 1296 1615 autiquae
1321 1582 1383 1604 arse
1406 1569 1548 1604 videtur
1584 1570 1646 1606 esse
1673 1572 1785 1605 aetatis
1816 1568 1954 1603 sexcen-

1053 1625 1173 1651 torum
1209 1627 1384 1649 annorum
1407 1627 1418 1648 z
1449 1615 1617 1660 siquando
1654 1623 1878 1661 compertum
1905 1614 1952 1648 est

1053 1674 1155 1709 opera
1175 1673 1216 1696 eo
1239 1660 1343 1695 modo
1376 1661 1560 1701 treffellata
1596 1673 1656 1707 per
1679 1673 1717 1705 ea
1745 1659 1953 1694 increbuisse

1058 1717 1215 1754 tempora
1240 1718 1252 1746 3
1275 1718 1403 1740 nomen
1433 1715 1551 1741 autem
1593 1708 1660 1740 loci
1686 1709 1850 1740 Graecum
1876 1705 1958 1742 vult:

1057 1756 1274 1797 antiquiores
1290 1753 1507 1786 caerimonias
1525 1750 1717 1798 significare
1732 1774 1744 1791 ‚
1768 1759 1870 1796 atque
1885 1761 1955 1788 eas,

1048 1811 1123 1843 quae
1147 1809 1225 1834 tum
1237 1797 1384 1835 fiebant,
1399 1809 1510 1842 quum
1531 1799 1614 1832 urbs
1641 1798 1731 1831 Nola
1751 1800 1843 1830 cives
1857 1798 1956 1830 Grae-

1048 1858 1106 1881 cos
1144 1844 1290 1884 alebat3
1315 1842 1414 1878 solita
1441 1841 1522 1876 sunt
1552 1854 1702 1889 namque
1728 1865 1740 1883 ‚
1765 1844 1796 1877 δε
1823 1845 1953 1880 Romae,

1051 1895 1082 1927 ὅτ.
1120 1893 1159 1926 in
1201 1888 1373 1936 plerisque
1409 1890 1488 1923 aliis
1524 1889 1611 1922 locis
1647 1888 1776 1935 templa
1801 1909 1813 1927 ‚
1845 1897 1951 1931 atque

1052 1939 1128 1973 loca
1152 1936 1242 1971 sacra
1283 1935 1436 1969 servari:
1474 1944 1580 1980 atque
1615 1943 1654 1968 ut
1683 1933 1822 1969 fuerant
1856 1933 1955 1967 dica-

1051 1993 1087 2018 ta
1132 1984 1291 2028 antiquis
1330 1981 1522 2025 quibusvis
1571 1979 1740 2027 mysteriis
1763 2001 1775 2018 a
1824 1980 1873 2012 ita
1914 1979 1955 2011 in

1052 2028 1153 2064 usum
1188 2028 1371 2062 meliorem
1417 2028 1614 2060 recentium
1636 2047 1647 2064 ‚
1675 2025 1956 2068 posterarumque

1050 2075 1335 2110 caerimoniarum
1382 2071 1526 2107 admitti
1579 2097 1591 2107 .
1655 2071 1836 2115 Qoniam
1875 2079 1958 2103 vero

1051 2122 1181 2165 legitur
1234 2121 1273 2152 in
1318 2117 1458 2153 historia
1505 2116 1581 2152 divi
1624 2117 1751 2151 Felicis
1798 2115 1957 2162 Junioris

1052 2166 1093 2200 de
1119 2165 1252 2209 templo
1289 2163 1469 2209 Apollinis
1507 2163 1661 2209 quodam
1684 2183 1696 2200 ‚
1731 2160 1824 2206 quod
1849 2165 1954 2208 prope

1053 2212 1179 2248 urbem
1209 2210 1340 2244 Nolam
1365 2209 1518 2244 ereetum
1554 2218 1627 2243 erat
1654 2230 1665 2245 ‚
1700 2206 1759 2240 ubi
1792 2204 1954 2249 responsa

1057 2257 1234 2301 Apollinis
1252 2267 1311 2300 per
1332 2255 1439 2288 verba
1467 2263 1591 2289 vatum
1617 2253 1791 2288 dabantur
1815 2273 1826 2288 ‚
1851 2261 1953 2293 quos,

1056 2303 1120 2339 ubi
1154 2300 1196 2335 ad
1217 2312 1275 2334 eos
1300 2302 1403 2333 venit
1437 2301 1531 2334 Felix
1560 2321 1572 2337 ‚
1600 2297 1751 2342 rogando
1774 2296 1959 2331 mendaces

1057 2349 1200 2393 arguit:
1223 2344 1454 2390 quamobrem
1479 2343 1590 2390 spreto
1614 2342 1780 2388 Apolline
1796 2363 1807 2380 ‚
1838 2343 1956 2383 imago

1058 2396 1132 2429 eius
1159 2391 1285 2433 dejeffm
1311 2389 1355 2424 est
1395 2391 1504 2424 etiam
1530 2387 1548 2423 a
1575 2387 1807 2423 sacerdotibus
1830 2385 1958 2430 templi

1058 2437 1191 2485 ipsius,
1216 2432 1440 2472 censentibus
1466 2437 1604 2473 vitam,
1632 2443 1671 2467 ac
1694 2433 1800 2467 verba
1830 2431 1954 2466 Felicis

1059 2484 1078 2521 ὲ
1101 2483 1164 2522 deo
1197 2493 1278 2517 vero
1305 2479 1512 2526 proficisci,
1552 2482 1658 2527 inque
1692 2490 1732 2513 eo
1765 2479 1959 2512 oratorium

1057 2529 1289 2565 constitutum
1313 2525 1380 2565 est,
1408 2525 1501 2572 quod
1525 2526 1545 2560 a
1568 2526 1707 2572 posteris
1734 2525 1840 2558 Felici
1865 2521 1960 2556 dica-

1058 2587 1137 2611 tum
1163 2574 1232 2609 est:
1259 2581 1363 2616 atque
1389 2573 1535 2607 nomine
1560 2575 1634 2606 eius
1652 2573 1842 2615 quotannis
1869 2567 1961 2602 cele-

1056 2621 1233 2659 bratum,
1273 2617 1376 2662 idque
1414 2620 1589 2653 servatum
1623 2614 1771 2661 adusque
1808 2614 1959 2649 nostram

1059 2666 1299 2711 tempestatem
1322 2686 1332 2696 .
1370 2666 1451 2699 Non
1474 2662 1517 2698 ab
1542 2676 1576 2697 re
1614 2665 1722 2707 igitur
1749 2660 1884 2696 credere
1916 2667 1961 2691 ex

1060 2713 1152 2748 hilce
1176 2709 1322 2757 quisque
1360 2708 1469 2755 potest
1492 2731 1504 2748 ‚
1527 2710 1700 2754 templum
1724 2708 1789 2742 hoc
1818 2703 1961 2752 Aponi?

1060 2761 1116 2795 nis
1141 2754 1238 2791 fuiffe
1263 2778 1274 2795 ‚
1302 2753 1395 2800 quod
1425 2765 1522 2788 nunc
1544 2754 1788 2790 coemeterium
1814 2757 1960 2785 vocant?
1995 2752 2000 2757 '

1060 2803 1114 2840 Ad
1149 2804 1218 2839 haec
1237 2802 1412 2846 templum
1449 2801 1545 2848 Jovis
1572 2803 1610 2834 in
1636 2797 1722 2833 urbe
1753 2798 1842 2832 Nola
1867 2796 1960 2829 exti-

1059 2849 1132 2885 tisse
1156 2857 1378 2894 compertum
1405 2847 1478 2886 est3
1501 2856 1580 2881 tum
1605 2843 1696 2892 quod
1710 2854 1830 2878 eorum
1859 2842 1961 2886 prin-

1057 2906 1137 2941 ceps
1159 2895 1296 2942 Jupiter
1334 2903 1408 2927 erat
1430 2913 1442 2930 a
1469 2902 1548 2928 tum
1576 2893 1658 2936 quia
1697 2885 1961 2936 repraesentatur

1057 2944 1168 2976 etiam
1189 2950 1284 2973 nunc
1310 2937 1446 2973 bellum
1463 2941 1668 2985 giganteum
1697 2937 1734 2969 iu
1748 2946 1789 2968 eo
1809 2930 1961 2976 templo,

1058 2986 1154 3034 quod
1177 2985 1359 3021 Nolanum
1391 2994 1487 3018 nunc
1514 2983 1558 3018 est
1578 2980 1793 3027 episcopium
1817 3001 1829 3017 -‚
1853 2986 1960 3022 atque

1058 3031 1202 3069 basilica
1230 3032 1392 3076 princeps
1409 3052 1419 3063 .
1448 3030 1527 3064 Alia
1552 3028 1653 3073 plura
1677 3022 1834 3061 extitisse
1862 3021 1964 3057 Nolae

1059 3080 1196 3124 egregia
1215 3075 1299 3110 fana
1316 3097 1327 3114 ‚
1350 3074 1485 3109 credere
1508 3073 1575 3108 est.
1602 3074 1765 3117 Namque
1794 3069 1820 3104 fi
1846 3067 1865 3102 2¹1
1887 3069 1964 3102 No-

1059 3125 1150 3158 lanis
1188 3121 1258 3156 duo
1284 3119 1498 3156 nobiliffima
1527 3118 1785 3164 amphitheatra
1804 3114 1963 3149 constru-

1058 3170 1114 3204 &a
1139 3167 1219 3203 sunt
1243 3167 1283 3201 ad
1300 3164 1433 3203 studia,
1457 3165 1663 3207 cultumque
1687 3184 1699 3200 ‚
1724 3170 1827 3207 atque
1857 3158 1964 3194 volu-

1059 3223 1194 3262 ptatem
1210 3226 1222 3253 3
1236 3215 1338 3256 longe
1365 3211 1511 3245 liberius
1525 3233 1535 3248 ‚
1549 3213 1578 3244 δε
1595 3210 1727 3253 templa
1748 3207 1885 3244 multa,
1910 3213 1965 3239 at*

1059 3271 1126 3306 que
1152 3270 1299 3305 magna,
1326 3255 1537 3303 superbaque
1553 3256 1595 3289 ab
1610 3253 1737 3288 eisdem
1764 3248 1966 3288 ere&a‚di-

1060 3314 1205 3350 cataque
1230 3303 1298 3337 diis
1323 3300 1420 3336 suiffe
1445 3325 1456 3342 ,
1482 3300 1759 3335 consentaneum
1781 3297 1826 3331 est
1850 3309 1859 3330 :
1886 3303 1966 3340 quae

1060 3352 1192 3392 iniuria
1223 3358 1426 3394 temporum
1459 3347 1570 3382 deleta
1598 3343 1678 3380 sunt
1707 3366 1721 3386 2
1748 3351 1967 3381 monumen-3

1553 3391 1583 3426 C
1630 3403 1652 3429 2.
1810 3385 1924 3433 tisque
