2404 3882
141 155 200 201 ἢ.

397 136 1074 184 AMBRO'SII

1187 106 1681 178 Leonis
1851 146 1906 184 54

73 241 142 277 aas
166 242 310 275 Eramus
342 237 387 273 ab
409 236 495 271 urbe
530 233 660 269 distans
684 233 739 272 adr
760 230 1058 278 offingentosAli
1095 237 1168 265 erat
1207 238 1308 275 porta
1349 230 1529 306 antiquior
1565 250 1576 265 ,
1610 230 1670 262 cui
1704 233 1838 265 numen
1879 238 1957 265 erat

72 287 183 333 passus
211 308 222 323 ‚
255 282 380 317 deinde
403 292 513 329 pauco
540 279 650 314 traffhi
679 278 861 318 interiet-io
886 279 982 323 Syri-

23 366 29 370 ,
73 343 154 366 cum
181 330 226 365 est
253 352 264 369 ‚
288 331 320 362 Sc
341 327 573 362 Sabinianum
602 350 611 358 .
637 325 800 368 Qorum
816 325 871 357 uti
887 323 982 367 prio-

73 389 126 411 res
151 375 308 409 incolatu
334 377 490 408 minores
516 393 528 410 ‚
564 371 616 405 ita
639 372 873 403 Sabinianum
906 378 982 401 ma-

73 424 169 456 xime
193 420 337 454 excellit
365 444 374 453 .
400 418 618 465 Qnetiam
643 426 748 461 prope
761 416 922 460 Syricum
942 422 982 445 ac

74 467 118 501 ab
146 463 269 500 occasu
294 464 450 511 hyberno
488 461 631 505 vestigia
668 458 748 494 sunt
773 461 894 503 magni
921 469 983 503 pa-

73 515 108 556 gi
136 511 207 551 iam
232 509 340 544 deleti
366 531 378 548 ‚
405 520 480 555 quae
518 508 675 541 centuria
712 504 953 550 appellabatur
970 523 983 540 ‚

73 550 219 604 quicque
245 567 377 589 nomen
406 555 484 589 loco
510 576 523 594 ‚
561 560 666 597 atque
693 550 837 593 vestigia
874 558 984 593 pauca

73 601 202 636 aedium
225 601 375 646 reliquit
400 621 412 640 ‚
441 599 484 633 ab
509 599 631 634 occasu
658 608 739 630 vero
766 605 874 639 pagus
902 593 985 626 nul-

73 648 128 682 ius
156 655 273 680 extat.
305 649 354 680 Ea
378 657 461 680 vero
489 654 566 691 pars
591 644 691 688 agri,
713 652 789 685 quae
813 641 928 683 vergit
943 638 985 671 ad

72 692 211 726 ‘ai-&um
228 690 432 736 complures
459 698 564 736 pagos
588 689 751 724 continet
788 697 798 718 ι
838 695 878 718 ut
904 686 986 718 Coe-

73 738 284 774 meteriurn‚
309 737 486 782 templum
510 736 581 775 jam
593 740 835 767 memoratum
856 731 1083 776 ‚atqueBin
1105 727 1227 765 fossam
1254 739 1366 774 prope
1388 725 1592 762 descendere
1617 725 1751 761 redaSia
1792 725 1832 760 sit
1857 740 1865 760 ε

73 782 330 826 cognominem
355 793 486 827 pagum
507 792 518 813 2
542 780 690 812 ulterius
717 789 800 812 vero
835 778 987 820 Campa-

73 826 222 864 sanum‚
253 825 447 860 Fabianum
471 847 483 863 ‚
509 835 550 858 ac
573 821 689 857 versus
723 820 889 857 Vesciani
915 823 988 858 col-

38 892 42 897 -
72 874 146 908 lem
171 871 404 914 Tophinum‚
433 870 625 904 vineolam
651 890 663 907 ‚
688 868 837 902 Gallum
863 889 876 906 ‚
913 870 984 903 Co-

75 919 273 954 mitianum
298 938 310 955 ‚
334 917 568 950 Cotiniauum
584 936 596 953 ‚
622 913 850 949 Relinianum
867 936 878 952 ‚
898 919 986 949 Pon-

75 963 255 998 ticnlum.
280 960 351 995 Sub
377 960 464 994 colle
488 971 571 994 vero
598 959 671 1007 ipso
697 958 983 1000 Pedemontium,

75 1006 168 1055 quod
197 1016 302 1052 prope
326 1004 484 1040 deletum
505 1005 551 1039 est
589 1017 599 1038 z
637 1013 743 1050 atque
777 1003 820 1037 ad
856 1006 987 1041 vallem

75 1052 237 1089 Gecalae‚
262 1047 386 1086 Casam
409 1053 629 1086 marcianam
652 1074 662 1082 .
700 1053 824 1083 Praeter
849 1051 920 1086 haec
947 1054 987 1084 in

75 1101 158 1144 jugo
183 1094 318 1130 Gecalae
353 1095 570 1130 occidentali
607 1095 783 1140 templum
822 1096 866 1130 est
901 1095 987 1130 divo

76 1141 216 1186 Angelo
239 1139 401 1175 dicatum
427 1163 438 1179 ‚
470 1152 553 1174 cum
580 1142 743 1175 coenobio
767 1138 988 1175 sacerdotum

75 1194 247 1236 praccepta
273 1185 349 1220 divi
386 1185 560 1220 Francisci
597 1185 806 1220 sev-Stantium
831 1208 842 1224 ‚
881 1196 988 1230 atque

1037 279 1140 311 Porta
1166 288 1178 315 3
1201 286 1328 309 verum
1351 283 1420 317 quo
1470 274 1576 318 Regia
1608 275 1795 319 aliquanto
1820 272 1864 308 ab
1885 274 1959 319 ipsa

1039 321 1158 356 aberat
1184 342 1197 358 s
1220 321 1350 353 iccirco
1381 319 1492 353 aliam
1529 328 1672 362 parvam
1703 329 1840 365 poi-tam
1874 322 1961 356 huic

1039 368 1199 403 vicinam
1225 364 1338 410 reguli
1360 374 1527 408 aperuere
1545 373 1554 395 :
1576 376 1618 397 ne
1644 374 1727 398 vero
1740 365 1814 399 duae
1836 378 1958 401 mane-

1040 420 1119 448 rent
1143 420 1248 458 portae
1276 418 1350 444 tam
1366 410 1508 447 vicinae,
1533 416 1688 443 veterem
1713 409 1863 444 clausere
1878 423 1961 445 mu-

1040 469 1078 493 ro
1095 477 1106 496 ,
1132 468 1262 491 novam
1283 467 1365 491 vero
1386 451 1562 487 reddidere
1575 453 1742 493 majorem
1769 478 1780 493 ,
1807 458 1862 489 cui
1896 469 1963 490 no-

1042 514 1126 539 men
1157 505 1342 536 minutum
1365 503 1436 542 jam
1466 497 1623 533 inditum
1647 499 1829 535 remanfit.
1851 504 1975 536 Clau-¹

1042 546 1148 582 dendi
1172 556 1327 581 veterem
1353 555 1493 593 portam
1520 546 1630 578 etiam
1654 543 1720 578 hoc
1746 543 1845 579 causa
1872 546 1959 585 fuit3

1042 604 1198 640 namque
1233 593 1292 625 via
1327 615 1339 631 ‚
1368 601 1451 636 quse
1476 601 1535 631 per
1567 601 1644 624 eam
1676 588 1808 624 ferebat
1843 614 1853 629 ‚
1885 603 1962 625 ma-

1045 649 1113 684 gna
1140 649 1228 684 aqua
1257 648 1300 670 ex
1327 637 1424 671 urbis
1448 633 1638 670 stillicidiis
1663 635 1806 669 collegia
1829 636 1961 671 deflue-

1043 685 1104 719 bat
1133 706 1144 722 ‚
1174 695 1250 726 quae
1276 682 1361 716 adeo
1387 683 1489 716 illam
1519 689 1702 715 excavarnt
1726 678 1894 720 fluendo,
1920 690 1962 714 ut

1891 738 1962 771 qua

1042 787 1105 823 pro
1132 787 1168 810 re
1192 783 1332 818 portam
1359 775 1518 819 ineptam
1548 770 1811 806 transeuntibus
1849 771 1963 806 reddi-

1042 832 1118 856 tam
1143 816 1294 854 clausere
1323 844 1333 852 .
1372 820 1496 852 Tertia
1521 826 1619 861 porta
1652 816 1778 862 spee‘cat
1811 818 1960 854 anctum,

1042 878 1081 901 ac
1105 874 1265 901 montem
1303 863 1468 898 Abellam
1504 864 1681 897 Vicancio
1704 861 1819 896 aversa
1847 877 1857 902 5
1889 864 1963 896 haec

1044 911 1221 958 appellata
1252 910 1296 944 est
1330 910 1498 943 Samuelis
1526 904 1544 939 ἒι
1569 906 1730 945 custode,
1758 908 1813 940 vel
1835 909 1960 942 vicino

1043 959 1079 992 id.
1104 966 1236 990 nomen
1272 954 1445 990 affumens
1472 975 1483 991 ⁷
1517 952 1561 986 est
1596 965 1632 987 n.
1656 952 1792 986 familia
1825 955 1963 986 civium

1046 1001 1261 1037 Samuelium
1297 1025 1308 1034 .
1345 1001 1483 1041 Quarta
1511 998 1553 1032 ad
1581 1008 1700 1032 ortum
1713 1010 1865 1032 vernum
1888 1009 1965 1030 ver-

1045 1047 1080 1083 sa
1122 1045 1166 1080 est
1211 1065 1223 1082 ‚
1266 1056 1306 1078 ac
1343 1042 1600 1077 occidentalem
1657 1044 1796 1078 Gecalae
1834 1043 1963 1077 collem

1047 1090 1221 1136 conspicit
1255 1103 1266 1124 z
1309 1087 1430 1124 eadem
1463 1089 1615 1123 Por-tello
1653 1086 1804 1129 πει-[εις
1843 1089 1963 1122 nomi-

1046 1147 1131 1173 nata
1167 1142 1289 1171 autem
1324 1134 1368 1169 est
1391 1131 1569 1176 Cortefhlla
1602 1145 1614 1172 3
1651 1132 1828 1168 videlicet
1854 1132 1962 1166 ama-

1046 1186 1081 1218 lo
1126 1207 1136 1216 .
1176 1180 1339 1225 Namque
1383 1183 1512 1212 Corz‘em
1552 1180 1683 1213 Nolani
1719 1189 1848 1214 vocant
1884 1186 1963 1211 tum

75 1239 170 1270 inter
193 1232 262 1265 hoc
285 1231 536 1270 monasterium
559 1254 571 1270 ·‚
599 1234 630 1265 &
653 1242 785 1277 pagum
821 1229 1174 1276 sanetumcdomus
1203 1225 1398 1260 Cavaed'fflm
1425 1247 1436 1263 ⁷
1459 1234 1538 1259 tum
1561 1227 1683 1269 magni
1706 1225 1775 1258 Viri
1800 1224 1962 1259 domum,

74 1278 224 1324 Paulum
253 1274 316 1310 sub
345 1274 458 1321 ipsum
483 1276 656 1323 oppidum
688 1274 858 1311 Gecalam
891 1276 933 1310 nd
958 1281 990 1311 i-
1038 1273 1170 1319 sellum
1194 1282 1277 1306 vero
1303 1272 1488 1305 hominem
1514 1270 1694 1316 appellant
1719 1291 1737 1323 ‚-
1761 1273 1821 1316 qui
1839 1268 1962 1303 felleus

75 1324 215 1371 psalque
242 1321 374 1356 radices
399 1322 525 1361 collis,
549 1321 674 1356 fanum
700 1322 903 1356 extru&uni
928 1322 987 1366 est,

77 1369 131 1414 ac}
143 1369 238 1403 Divo
260 1368 390 1413 Joanni
419 1365 578 1401 dicatum
606 1389 618 1406 ‚
653 1375 893 1412 cognomento
927 1373 988 1403 Cae-

72 1414 174 1459 scum
195 1412 365 1454 (caefcum
390 1413 489 1446 enim
510 1413 643 1447 Nolani
672 1412 793 1447 saxum
816 1425 988 1459 magnum

76 1459 234 1500 vocant)
261 1456 357 1504 quali
382 1456 424 1490 de
447 1468 573 1493 monte
593 1457 724 1492 caesum
755 1471 764 1491 z
801 1457 926 1494 fanum
953 1474 990 1495 n.

75 1505 175 1550 super
203 1502 282 1538 saxo
306 1502 461 1538 erectum
485 1503 560 1542 ests
584 1505 768 1550 complura
791 1508 992 1550 quinetiam

77 1548 201 1586 sacella
231 1550 315 1584 huic
340 1547 468 1583 similia
501 1548 626 1595 paffim
650 1561 710 1595 per
743 1561 887 1584 omnem
919 1554 993 1585 No-

77 1597 153 1632 lani
179 1596 254 1640 agri
279 1594 420 1638 plagam
445 1596 532 1628 licet
567 1594 684 1628 videre
709 1620 717 1628 .
746 1598 797 1629 At
821 1606 905 1630 vero
935 1600 992 1630 in-

80 1652 133 1677 ter
156 1639 390 1677 Caescum‚ac
414 1648 651 1674 memoratum
668 1638 843 1675 Francisci
869 1653 995 1675 mona-

79 1687 222 1721 sterium
246 1688 344 1719 extat
369 1683 466 1730 quasi
482 1683 707 1720 subterranea
733 1697 918 1731 porticus,
935 1699 997 1720 an-

1048 1328 1177 1366 pravus
1210 1314 1384 1362 falsusque
1416 1315 1498 1354 est3
1535 1319 1574 1348 in
1617 1326 1692 1361 quo
1728 1324 1849 1361 itaque
1886 1315 1964 1347 loco

1048 1372 1149 1409 porta
1173 1362 1298 1397 statuta
1321 1361 1366 1394 est
1383 1381 1394 1397 ‚
1428 1360 1553 1394 domus
1582 1360 1700 1406 aliqua
1723 1364 1859 1405 egregia
1885 1360 1968 1404 qui-

1047 1410 1128 1443 dem
1153 1430 1164 1448 .,
1192 1407 1246 1442 sed
1269 1418 1460 1453 pravorum
1485 1405 1713 1440 dominorum
1730 1405 1868 1441 fuerat:
1887 1416 1962 1449 quae

1048 1454 1162 1489 deleta
1187 1476 1199 1493 ·,
1225 1456 1255 1487 Ec
1281 1454 1360 1486 loco
1388 1473 1399 1488 ‚
1431 1454 1461 1485 ὅ(
1485 1460 1591 1496 portae
1635 1463 1766 1485 nomen
1815 1451 1969 1496 idipsum

1051 1500 1197 1544 reliquit
1225 1522 1236 1538 ‚
1256 1508 1360 1542 atque
1384 1495 1401 1530 ῖι
1429 1498 1568 1542 posteris
1595 1495 1772 1530 servatum
1797 1496 1901 1530 simul
1924 1494 1966 1528 ad

1052 1544 1241 1579 infamiam
1265 1543 1346 1578 facti
1368 1566 1379 1582 ,
1407 1542 1508 1576 simul
1533 1543 1641 1575 etiam
1668 1552 1705 1575 ur
1728 1545 1789 1587 qui
1818 1541 1970 1576 infama-

1052 1593 1082 1624 ri
1103 1599 1268 1624 metuant
1292 1612 1303 1628 ‚
1329 1597 1477 1623 caveant:
1510 1586 1718 1621 malefacere
1746 1613 1753 1621 .
1784 1590 1910 1621 Murus
1937 1588 1968 1618 i-

1052 1644 1125 1669 tem
1147 1634 1166 1669 ὲ
1190 1637 1366 1669 Vicancio
1391 1632 1580 1679 procedens
1607 1629 1720 1665 versus
1742 1635 1901 1667 occalum
1926 1643 1969 1663 ‘se-

1053 1681 1181 1714 stivum
1207 1702 1218 1719 ,
1253 1690 1440 1726 perparum
1471 1677 1660 1726 in-uibem
1689 1681 1872 1712 incurrit:
1898 1677 1971 1719 pri-

78 1734 221 1775 tiquum
246 1741 333 1775 opus
359 1752 370 1770 ‚
411 1742 521 1776 quam
543 1736 836 1776 cryptoporticum
875 1732 1037 1774 archi-D
1050 1737 1221 1772 mumque
1247 1726 1418 1770 angulum
1446 1734 1484 1756 ac
1508 1724 1593 1757 ioris
1626 1734 1755 1758 cavum
1777 1722 1863 1757 facit
1887 1746 1898 1761 ‚
1928 1722 1969 1753 in

80 1776 163 1812 teSli
187 1775 331 1821 quidam
363 1784 494 1811 vocant
530 1788 540 1809 ι
578 1786 655 1821 quae
689 1777 732 1812 ad
770 1778 991 1820 voluptatem

78 1831 176 1857 nunc
201 1830 357 1867 tempore
384 1832 481 1856 nunc
514 1819 645 1864 frigore
679 1823 894 1868 captandam
931 1836 991 1858 ez<-

79 1868 154 1902 trui
179 1863 338 1901 solebat:
368 1878 440 1901 non
466 1865 608 1910 publica
632 1867 739 1902 modo
774 1869 989 1915 publicoque

82 1924 144 1948 fere
171 1933 183 1949 9
211 1923 334 1947 verum
359 1913 468 1945 etiam
495 1919 535 1945 ut
561 1909 709 1958 quisque
736 1912 904 1952 amabat,
927 1927 990 1949 aere

82 1959 224 2003 privato
253 1956 317 1991 fibi
341 1955 538 1998 aedificabat
564 1980 573 1989 .
599 1958 700 1992 Colle
725 1962 835 1993 etiam
873 1958 934 1993 sub
961 1961 992 1994 i-

81 2001 140 2048 pso
177 2001 376 2049 lapidicinae
409 2013 631 2036 marmorum
665 2004 835 2039 videntur
860 2004 962 2040 fuisse
984 2030 997 2047 ‚

79 2047 176 2083 unde
203 2047 342 2083 absciffa
373 2045 570 2081 creduntur
597 2059 765 2084 caementa
800 2072 813 2089 ‚
853 2061 930 2096 quae
955 2053 997 2086 ad

81 2092 362 2130 construendum
385 2090 527 2128 advena
552 2091 633 2128 sunt
652 2096 973 2141 amphitheatrum.

109 2192 208 2234 DE
238 2190 498 2236 MURIS,
530 2190 616 2233 ΡΟ
638 2193 966 2246 MOERIIS,

165 2250 419 2303 promurali,
447 2247 544 2288 foffir
560 2277 572 2297 ‚
600 2257 753 2302 portis,
784 2251 821 2292 &
839 2266 909 2307 ag-

287 2316 384 2356 gere
410 2304 613 2358 praesentis
641 2309 752 2349 urbis
767 2337 778 2348 .
793 2321 811 2331 κ
864 2308 867 2309 ’
905 2303 909 2307 ’

337 2414 367 2447 C
415 2415 448 2447 A
496 2415 534 2448 Ρ.
630 2415 737 2448 VII.

87 2506 291 2584 Tiletur
314 2502 346 2539 se
380 2504 492 2539 nostra
518 2505 584 2539 hac
622 2506 824 2552 tempestate
858 2509 996 2544 Nolana

187 2552 317 2586 civitas
353 2552 464 2585 muris
491 2572 502 2589 ‚
532 2555 728 2595 -pomoeriis
749 2557 997 2598 ‚promurali‚

83 2590 168 2635 fossa
192 2619 205 2636 ι,
229 2597 339 2642 portis
368 2618 380 2635 -,
415 2605 521 2641 atque
535 2607 680 2643 aggere.
709 2599 834 2632 Murus
869 2601 914 2634 est
951 2601 999 2634 ia-

84 2642 254 2679 titudinis
287 2647 446 2721 quinque
479 2641 550 2675 fere
585 2642 718 2687 pedum
744 2665 755 2681 ‚
790 2645 997 2680 altitudinis

87 2701 173 2724 vero
195 2700 257 2723 xx.
276 2689 287 2720 i
312 2690 372 2722 'em
387 2687 570 2721 distinfftus
594 2687 638 2721 est
654 2686 899 2733 frequentibus
916 2699 991 2724 tur-

85 2728 187 2770 ribus
220 2732 399 2778 quadratis
434 2741 536 2766 terna.
571 2733 680 2767 latera
705 2744 804 2769 extra
848 2723 1042 2779 murumF

86 2778 311 2814 exerentibus
336 2800 347 2816 ‚
375 2781 540 2823 interque
569 2776 601 2811 se
637 2773 852 2815 distantibus
877 2793 937 2827 per
958 2794 994 2815 0-

89 2827 252 2869 &ogenos
273 2823 374 2868 pedes
399 2836 410 2863 3
434 2834 519 2867 quas
546 2834 630 2857 vero
655 2832 765 2857 turres
792 2824 892 2871 supra
915 2838 997 2872 por·

89 2879 142 2904 tas
168 2890 179 2907 ‚
211 2878 271 2903 aut
299 2871 338 2902 in
377 2865 548 2902 concursu
585 2878 773 2904 murorum
806 2872 996 2917 angulove‚

91 2915 207 2948 extrui
231 2917 384 2959 contigit
411 2936 424 2954 ‚
452 2915 502 2948 hae
526 2916 657 2948 caeteris
683 2912 766 2948 sunt
788 2915 1003 2955 excelliores,

94 2969 200 3001 atque
226 2961 372 2994 nomine
397 2960 540 3006 proprio
563 2958 644 2993 sunt
678 2959 830 3005 infignes
850 2986 859 2995 .
921 2964 1005 2996 uin-

91 3005 201 3038 etiam
227 3005 264 3037 in
287 3005 352 3039 hoc
372 3017 476 3039 muro
497 3014 650 3049 quatuor
674 3014 784 3050 portae
809 3017 933 3051 patent
950 3008 1005 3040 bi-

94 3061 146 3083 nae
167 3048 263 3082 binis
287 3048 407 3084 aversae
430 3071 443 3089 ,
465 3056 570 3096 atque
598 3048 740 3095 fingulae
760 3050 917 3096 -fingulas
940 3063 1007 3086 coe-

92 3095 119 3128 li
146 3095 264 3140 plagas
289 3091 483 3140 speciantes
510 3108 521 3135 3
545 3094 588 3129 ad
614 3094 803 3131 meridiem
828 3110 865 3131 n.
895 3099 1007 3132 Velu-

94 3141 273 3180 viamque
312 3141 427 3184 prima
466 3139 561 3175 versa
587 3141 633 3175 est
660 3162 673 3180 2
713 3152 788 3186 quae
827 3145 1006 3177 Vicancius

96 3185 293 3230 appellatur
318 3205 330 3223 ‚
358 3185 386 3217 is
410 3196 445 3218 n.
470 3186 568 3220 locus
596 3189 635 3219 in
659 3185 745 3220 urbe
772 3190 884 3222 veteri
912 3187 1007 3222 vide-

95 3239 155 3263 tur
180 3228 283 3263 fuiise
321 3231 422 3263 vicus
439 3233 661 3265 xAnciorum
688 3243 698 3263 ι
724 3232 818 3266 unde
851 3233 1006 3267 attendit

95 3277 196 3309 vicus
224 3276 361 3308 Ancius
383 3283 488 3320 atque
514 3277 734 3310 Vicancius.
759 3279 882 3313 Altera
907 3289 1006 3324 porta

94 3319 227 3366 speStat
263 3319 425 3354 occasum
459 3331 609 3355 vernum
646 3342 659 3360 ‚
692 3325 752 3356 cui
790 3335 921 3357 nomen
963 3322 1011 3362 est,

96 3365 285 3412 {offellum
307 3389 319 3410 ι
343 3368 438 3412 Nam,
462 3367 502 3412 in
526 3364 649 3410 ,eodem
673 3378 779 3414 muro
802 3367 1005 3415 occiderim:

1050 1783 1121 1818 quo
1159 1774 1266 1805 turi-is
1308 1770 1465 1813 praestans
1501 1769 1544 1802 est
1570 1790 1581 1806 -,
1622 1770 1794 1813 appellata
1829 1771 1932 1802 Pinus
1955 1777 1968 1798 '-

1050 1816 1144 1864 quod
1173 1819 1268 1850 intra
1295 1815 1420 1850 urbem
1457 1816 1579 1848 vicina
1611 1817 1642 1846 ei
1670 1817 1775 1860 pinus
1803 1814 1972 1849 alciffima

1050 1861 1159 1898 itabat
1184 1883 1195 1900 ‚
1217 1873 1325 1908 quam
1349 1864 1459 1894 etiam
1488 1859 1672 1899 vidimus3
1699 1859 1743 1893 ab
1764 1860 1830 1894 hoc
1857 1870 1970 1903 angu-

1048 1911 1083 1944 lo
1109 1910 1227 1943 exiens
1259 1917 1380 1941 murus
1404 1905 1446 1940 ad
1466 1904 1625 1940 occasum
1659 1917 1811 1939 vernum
1846 1916 1968 1952 proce-

1049 1955 1102 1989 dit
1131 1953 1283 1999 quodam
1309 1952 1422 1986 traEiu
1445 1949 1551 1996 usque
1577 1951 1619 1986 ad
1646 1951 1972 1996 angulumzquem.

1054 2002 1193 2034 claudit
1220 2010 1303 2033 cum
1329 2009 1433 2032 muro
1460 1995 1674 2031 occidentali
1701 1995 1793 2029 reeta
1822 1998 1973 2031 venien-

1054 2055 1088 2081 te
1114 2043 1157 2078 ab
1179 2045 1271 2080 affito
1293 2069 1302 2077 .
1325 2046 1368 2077 In
1390 2054 1461 2087 quo
1482 2043 1614 2087 angulo
1647 2043 1754 2076 turris
1784 2051 1879 2077 extat
1910 2052 1971 2085 ap-

1052 2091 1181 2139 pellata
1203 2088 1358 2134 ,wanda
1385 2109 1397 2127 ‚
1437 2085 1531 2134 quod
1561 2098 1689 2133 magna
1714 2097 1754 2120 ac
1795 2100 1832 2121 ea
1856 2086 1971 2132 figura

1054 2142 1099 2172 eit
1126 2147 1137 2175 ·‚
1161 2135 1288 2183 spe'c‘tat
1314 2134 1384 2168 haec
1411 2135 1519 2168 turris
1561 2130 1721 2168 occasum
1753 2131 1975 2179 hybernum,

1056 2192 1160 2227 atque
1187 2192 1294 2227 prope
1319 2178 1436 2213 media
1461 2178 1505 2212 est
1532 2180 1626 2213 inter
1650 2177 1721 2210 duo
1753 2177 1974 2225 amphithea-

997 2235 1103 2276 Etra
1133 2251 1143 2259 .
1166 2231 1257 2261 ltem
1280 2237 1402 2261 murus
1439 2222 1671 2257 occidentalis
1711 2222 1754 2257 ab
1789 2225 1853 2259 hac
1877 2232 1973 2256 turre

1050 2271 1274 2320 proficiscens
1303 2269 1408 2316 usque
1433 2268 1474 2303 ad
1503 2269 1719 2312 portellum,
1745 2271 1782 2304 in
1813 2282 1882 2316 quo
1897 2277 1972 2300 tur-

1050 2330 1126 2354 rem
1151 2318 1258 2353 habet
1287 2324 1512 2351 nominatam
1528 2318 1545 2345 ti
1571 2312 1720 2347 l’orfello
1744 2327 1753 2347 :
1780 2315 1905 2349 deinde
1922 2324 1973 2345 re-

1052 2365 1105 2398 Sia
1139 2361 1297 2409 procedit
1330 2357 1510 2407 quousque
1549 2356 1635 2392 facit
1675 2361 1847 2404 angulum
1885 2369 1970 2393 cum

1054 2421 1158 2444 muro
1193 2414 1398 2441 occurrente
1438 2409 1481 2438 ab
1513 2413 1596 2438 ortu
1625 2426 1634 2435 .
1673 2405 1714 2437 Iu
1737 2417 1808 2451 quo
1837 2404 1970 2449 angulo

1055 2457 1161 2493 turris
1183 2462 1279 2487 extat
1303 2452 1458 2487 vocitata
1473 2451 1626 2496 Qctinqloe
1648 2458 1837 2494 ρωπίαν-μνη
1852 2473 1863 2490 ,
1893 2461 1968 2495 quae

1057 2497 1221 2544 angulosa
1249 2500 1355 2532 turris
1380 2504 1456 2529 erat
1472 2508 1483 2534 ·,
1499 2505 1638 2541 pomam
1663 2507 1698 2528 n.
1725 2508 1743 2529 a
1779 2494 1974 2541 pungendo

1055 2544 1228 2591 angulum
1257 2552 1400 2577 omnem
1439 2540 1618 2587 appellant
1654 2553 1664 2574 z
1706 2541 1854 2575 arfficus
1891 2551 1973 2574 vero

1055 2601 1179 2625 murus
1207 2589 1250 2623 ab
1280 2590 1343 2623 hac
1374 2594 1470 2620 turre
1493 2589 1614 2619 exiens
1636 2588 1674 2619 in
1688 2594 1807 2620 ortum
1824 2597 1973 2621 vernum

1055 2634 1163 2680 usque
1186 2635 1228 2671 ad
1248 2644 1388 2680 portam
1413 2632 1689 2665 samueiitanam
1715 2654 1726 2670 ‚
1751 2636 1787 2666 in
1817 2644 1885 2673 qua
1901 2640 1975 2665 tur-

1055 2693 1130 2716 rem
1151 2680 1257 2716 habet
1285 2680 1395 2714 altam
1416 2679 1640 2710 nominatam
1676 2686 1809 2712 turrem
1827 2675 1976 2711 'Samue-

1052 2725 1095 2760 lis
1126 2740 1137 2760 ι
1177 2726 1302 2759 deinde
1342 2723 1447 2769 paulo
1485 2724 1594 2755 etiam
1629 2724 1719 2758 reSia
1761 2723 1976 2770 procedens,

1055 2773 1227 2815 anguium
1255 2772 1342 2806 facit
1363 2780 1447 2803 cum
1474 2778 1575 2802 muro
1612 2778 1820 2803 occurrente
1850 2766 1893 2800 ab
1919 2779 1975 2801 or-

1055 2827 1097 2851 tu
1120 2817 1190 2852 fere
1213 2817 1373 2860 hyberno
1397 2836 1409 2854 ‚
1446 2818 1485 2848 in
1512 2824 1581 2857 quo
1622 2815 1753 2859 angulo
1789 2815 1895 2848 turris
1930 2813 1975 2846 eil:

1054 2864 1228 2908 appellata
1243 2864 1400 2899 Primis,
1424 2857 1560 2906 quodei
1586 2857 1764 2903 subjacent
1776 2859 1861 2894 aedes
1877 2862 1975 2894 Prio-

1060 2913 1108 2944 ris
1138 2933 1148 2942 .
1184 2911 1281 2944 Prior
1319 2915 1438 2940 autem
1474 2908 1505 2938 is
1541 2905 1758 2948 intelligitur
1796 2903 1975 2941 sacerdos,

1060 2959 1123 2999 qui
1150 2952 1328 3001 praefei'stus
1355 2952 1399 2985 est
1429 2950 1688 2986 monachor-um
1724 2952 1976 2985 Annunciatre:

1065 3002 1163 3042 cujus
1188 3000 1366 3043 templum
1395 3008 1434 3032 ac
1471 2996 1719 3030 monasterium
1755 2996 1801 3030 est
1836 2998 1873 3027 in
1895 2996 1978 3038 jugo

1067 3047 1169 3080 collis
1196 3044 1363 3079 Vesciani
1391 3065 1402 3081 ‚
1442 3041 1536 3089 quod
1563 3040 1653 3076 Cal'ae
1678 3045 1865 3076 marciano:
1892 3051 1981 3086 pago

1068 3093 1236 3126 imminet
1263 3102 1274 3129 3
1304 3089 1347 3123 ab
1374 3089 1439 3124 hac
1464 3093 1552 3122 item
1577 3095 1672 3121 turre
1702 3099 1822 3122 murus
1854 3095 1984 3120 excur-

1063 3149 1141 3175 rens
1179 3138 1219 3169 in
1254 3144 1372 3170 ortum
1414 3138 1483 3168 iere
1516 3133 1718 3177 hybernum
1759 3132 1850 3168 resto
1874 3140 1981 3175 atque

1063 3184 1169 3228 longo
1194 3182 1307 3214 trac-Qu
1343 3179 1520 3227 quousque
1558 3178 1646 3213 facit
1683 3189 1857 3224 anguium
1894 3186 1979 3210 cum

1064 3240 1166 3263 muro
1192 3234 1400 3260 occurrente
1423 3225 1494 3260 fere
1517 3221 1536 3257 ὲ
1562 3226 1746 3258 Vulturno
1770 3233 1878 3257 vento
1902 3234 1910 3253 :
1939 3225 1978 3254 in

1065 3285 1136 3319 quo
1162 3273 1294 3316 angulo
1316 3274 1426 3306 turris
1447 3271 1492 3305 eil:
1528 3268 1726 3313 Maffenrmn
1755 3290 1784 3308 ‚·
1806 3266 1899 3313 quod
1937 3267 1980 3298 il-

1068 3321 1185 3353 iorum
1210 3319 1337 3351 domus
1366 3319 1399 3351 ei
1425 3318 1518 3351 turri
1542 3315 1693 3353 subiacet
1722 3337 1732 3353 ‚
1773 3315 1816 3347 ab
1840 3325 1878 3360 eo
1902 3322 1984 3343 vcro

1068 3364 1165 3399 idem
1181 3384 1193 3405 ‚
1214 3365 1279 3409 qui
1299 3366 1456 3409 occurrit
1470 3384 1480 3400 ,
1507 3372 1628 3396 murus
1653 3363 1752 3396 brevi
1777 3364 1885 3393 trac-tu
1902 3367 1983 3402 μω,

1467 3411 1502 3445 D
1527 3420 1545 3441 2,
1853 3413 1944 3447 gret-5
