2404 3882
146 117 197 159 εἰ
397 106 999 153 AMBROSI

1056 106 1685 150 ILEONIS
1857 116 1912 153 62

87 211 140 257 pli
166 206 237 242 fuit
260 203 459 243 Dominedio
483 224 497 243 ,-
521 202 605 240 deus
642 217 680 238 n.
707 212 784 238 tum
823 202 1205 242 Donzinc-Amonatas
1227 200 1354 237 habet,
1380 198 1530 242 finqulas
1554 200 1699 247 singulis
1722 202 1970 248 arcubusprae-

87 256 169 292 dius
189 251 381 288 vocabatur
404 265 413 287 2
448 248 541 296 quod
568 249 719 284 verbum
745 252 783 283 in
805 261 862 283 ore
878 249 998 291 juran-

86 304 181 336 tium
207 308 246 332 ac
273 298 526 331 invocantium
555 293 662 329 deum
685 292 791 340 usque
813 293 855 329 ad
883 292 996 328 nostra

85 354 246 389 tempora
267 341 443 376 servatum
466 337 628 375 audimus
643 364 651 373 .
676 343 798 375 Przeter
824 341 895 374 haee
917 337 997 372 aedis

84 389 189 429 huius
215 386 236 421 fi
253 399 325 422 non
348 384 498 431 figuram
514 408 526 424 ‚
551 383 605 418 sed
635 383 803 420 sacrificia
825 383 997 432 spefilave-

82 437 130 469 ris
145 455 157 471 ‚
181 432 350 474 templum
378 431 552 475 appellare
567 432 760 465 convenit:
787 431 838 465 fin
859 442 940 465 vero
954 427 996 463 fi-

84 489 211 523 guram
238 489 312 512 non
327 474 522 513 sacrificia,
547 475 720 520 basilicam
743 478 860 523 potius
886 474 994 512 dicen

81 522 223 559 basilica
259 522 357 557 enim
382 519 468 555 aedes
493 519 646 567 oblonga
683 520 993 568 quadrangulaque

80 569 153 606 est,
177 569 286 602 altera
310 569 480 609 ianuam,
508 567 615 602 altera
641 579 657 600 e
685 570 824 612 regione
851 565 992 602 cellam,

82 614 139 648 vel
163 613 259 647 dicas
283 612 528 659 hemicyclum
550 611 656 647 habet
672 637 680 645 .
706 615 827 657 Neque
851 620 991 655 quoque

1054 246 1157 295 diffis
1181 245 1197 278 ἒ.»
1227 248 1366 290 regione
1389 246 1540 285 jacentes
1565 259 1574 279 :
1602 256 1705 294 atque
1730 244 1870 293 singulae
1897 248 1970 282 cel-

1055 293 1094 326 lae
1124 291 1276 335 lingulas
1309 291 1499 325 continent
1526 302 1598 324 aras
1625 313 1635 329 ‚
1661 290 1713 325 sed
1737 304 1794 326 ara
1823 293 1968 334 majoris

1055 336 1154 371 cellae
1182 337 1318 382 aliquot
1343 333 1509 380 gradibus
1541 337 1684 371 excellit
1709 362 1718 370 .
1755 338 1971 382 Qinetiam

1054 382 1154 417 tituli
1184 386 1294 427 paries
1320 380 1526 416 australisin
1554 382 1686 425 angulo
1705 384 1870 417 orientali
1888 393 1969 428 par-

1054 440 1100 462 vo
1126 438 1207 460 arcu
1236 427 1416 472 aperitur:
1443 437 1502 470 per
1530 437 1635 471 quem
1651 425 1816 460 tranfitus
1840 426 1881 462 fit
1904 427 1968 462 de-

1052 470 1305 507 scendentibus
1340 473 1378 505 in
1418 471 1593 516 templum
1620 470 1863 516 Apostolorum
1888 495 1899 510 ‚
1925 473 1967 507 de

1052 530 1123 564 quo
1146 514 1294 551 inferius
1316 515 1453 551 dicetur
1481 540 1490 550 .
1530 515 1648 549 Media
1673 524 1792 550 autem
1815 516 1898 551 aedes
1926 521 1967 552 in.

1052 565 1198 609 longum
1216 563 1407 608 porrigitur
1431 559 1472 595 ad
1499 561 1589 595 XX.
1608 561 1737 606 paflus:
1763 562 1860 601 cujus
1882 563 1964 597 lati·

1050 607 1136 644 tudo
1159 607 1383 652 altitudoque
1412 618 1508 652 pares
1532 605 1611 641 sunt
1639 607 1771 640 titulo.
1800 607 1881 647 Ejus
1903 620 1965 642 ve-

78 668 174 693 certa
199 656 341 693 basilica
363 657 433 693 est:
460 670 545 692 nam
569 660 662 691 inter
687 655 794 691 aedem
821 655 992 690 &cellam
1048 667 1085 689 ro
1109 651 1229 687 dexter
1254 662 1360 699 atque
1389 652 1498 687 laevus
1525 654 1664 698 peries,
1689 650 1820 696 quibus
1843 651 1966 686 distin-

81 702 474 740 transversainteriacet
491 703 598 736 altera
609 700 762 746 oblonga
778 700 999 746 aedes-‚quem
1011 701 1169 745 Bguitur
1194 698 1238 733 ab
1263 699 1342 733 aliis
1368 695 1526 744 suprema
1555 699 1591 731 in
1618 706 1715 740 parte
1748 718 1760 735 ‚
1800 695 1964 732 fenestras

77 744 232 787 aitulitm
256 749 449 794 appellant.
476 746 721 792 Qamobrem
741 750 792 781 hae
807 745 882 780 duae
908 743 994 779 aedes

76 795 234 841 figuram
263 797 309 829 T.
337 794 445 828 literae
469 789 703 840 praesentant:
731 794 789 827 cui
814 791 838 826 fi
864 791 994 826 cellam

78 839 354 890 superaddideris
377 861 389 877 ‚
413 840 575 872 tunicam
599 847 683 871 curn
712 838 855 872 cucullo
879 847 917 870 ac
931 849 993 871 ex-

78 890 189 924 tentis
208 886 359 920 manicis
380 882 498 919 fixeris
515 907 524 916 .
551 885 675 928 Neque
701 884 740 917 in
762 884 827 917 hoc
856 882 990 928 templo

77 936 151 970 haec
175 939 371 967 memorata
394 927 507 962 solum
532 928 781 973 reperiuntur:
810 926 863 963 sed
877 930 988 962 etiam

76 980 149 1016 haec
174 976 244 1023 ipsa
267 984 440 1020 tanquam
467 984 552 1007 cum
572 973 689 1014 capito
724 975 849 1007 tunica
889 971 989 1006 addi-

75 1035 130 1061 tas
154 1022 316 1058 continet
348 1017 432 1053 duas
455 1019 540 1051 alias
576 1016 735 1051 basilicas
753 1040 764 1057 ‚
792 1019 903 1053 titulo
927 1029 987 1051 eo-

74 1070 157 1105 dem
183 1064 442 1100 discriminaras
465 1061 483 1096 ὲ
509 1062 606 1096 cellis
633 1075 642 1095 z
683 1075 833 1109 quarum
874 1062 984 1101 tedes,

71 1114 229 1151 mediam
253 1112 325 1152 jam
348 1107 476 1142 dietam
497 1108 665 1149 majorem
691 1108 797 1143 aedem
814 1111 984 1154 utrinque

72 1159 268 1201 adjacentes
280 1155 491 1189 continent:
516 1153 611 1187 cellae
637 1166 720 1188 vero
741 1156 836 1188 circa
857 1154 985 1188 cellam

1049 745 1181 781 multas
1206 754 1310 790 atque
1335 741 1502 788 oblongas
1530 745 1715 777 continet:
1743 745 1779 776 in
1805 744 1876 776 ima
1903 755 1964 777 ve-

1050 803 1090 826 ro
1114 791 1196 836 pilis
1221 801 1260 824 ac
1285 789 1554 835 interpilaribus
1588 792 1618 823 δέ
1654 789 1802 822 arcubus
1825 790 1965 825 maenis

1053 834 1251 881 aequalibus
1277 842 1418 881 apertus
1443 833 1505 866 est:
1533 832 1625 867 unde
1653 835 1684 867 ὃς
1709 833 1830 867 medi-x
1855 836 1964 870 mis,

1047 883 1079 915 ὅτ,
1095 882 1232 915 alarum
1268 889 1501 923 utrarumque
1526 881 1682 912 inanitas
1707 880 1738 911 δε
1765 876 1962 924 ρῑοΓρεὲὶυς

1047 925 1142 961 idem
1155 924 1336 960 redditur.
1363 923 1513 957 A'larum
1530 935 1612 957 vero
1635 925 1784 967 parietes
1812 927 1964 958 exterio-

1046 983 1098 1005 res
1122 969 1342 1008 solidisunt‚
1368 980 1462 1003 raras
1477 966 1702 1004 solummodo
1728 966 1963 1003 fenestrasha-

1044 1015 1168 1051 bentes
1184 1041 1193 1049 .
1219 1018 1266 1050 Et
1291 1017 1330 1050 in
1345 1025 1488 1051 eorum,
1514 1017 1575 1061 qui
1601 1012 1886 1059 septentrionalis
1902 1012 1960 1051 est,

1044 1061 1166 1098 medio
1178 1060 1307 1096 ostium
1318 1060 1362 1094 est
1376 1080 1386 1098 ‚
1403 1061 1550 1101 quoiter
1566 1058 1607 1094 fit
1621 1061 1657 1093 iu
1674 1069 1819 1103 parvam
1832 1070 1961 1095 aream,

1042 1120 1118 1154 quae
1133 1115 1216 1141 ante
1242 1104 1369 1140 fanum
1395 1103 1470 1138 divi
1492 1106 1639 1152 joannis
1654 1103 1811 1149 Baptistae
1835 1113 1961 1150 patet3

1041 1155 1122 1190 sunt
1148 1150 1260 1186 iidem
1275 1154 1424 1196 parietes
1452 1147 1676 1194 longitudine
1706 1157 1802 1194 pares
1819 1150 1963 1193 parieti-

71 1205 240 1244 majorem
266 1201 452 1235 locantur.
477 1199 662 1244 Qoniam
686 1211 768 1233 vero
796 1209 918 1237 totum
942 1206 1028 1247 ἰε-(3
1040 1201 1105 1236 bus
1118 1197 1197 1233 :edis
1212 1197 1355 1234 mediae,
1381 1194 1573 1229 altitudine
1584 1205 1667 1228 vero
1682 1192 1834 1228 dimidio
1845 1195 1962 1228 mino-

72 1249 238 1284 dificium
265 1245 484 1292 templumve
506 1244 639 1280 constat
657 1256 700 1279 ex
720 1244 820 1279 cellis
841 1242 987 1281 aedibus-

71 1307 141 1336 que
166 1305 177 1327 z
213 1304 289 1338 quae
313 1298 428 1336 partes
454 1288 536 1323 sunt
558 1288 706 1325 balilicae
734 1301 808 1324 non
834 1289 960 1334 templi
976 1301 987 1322 z

73 1339 209 1384 baefilica
235 1338 352 1383 potius
367 1332 576 1380 appellanda
589 1334 655 1374 est,
669 1347 778 1382 quam
800 1335 988 1380 templum.

70 1390 159 1421 Sunt
186 1386 304 1429 itaque
329 1381 433 1421 hujus
446 1379 594 1414 bafilicoe
612 1379 745 1427 septem
759 1390 875 1426 partes
889 1402 900 1419 ‚
914 1390 982 1415 tres

70 1430 216 1478 quidem
239 1428 324 1463 aedes
337 1427 411 1470 pari
427 1424 678 1470 longitudine,
703 1425 756 1461 sed
780 1426 895 1460 media
909 1438 983 1465 am-

69 1480 163 1523 plior
186 1475 341 1510 caeteris:
366 1482 518 1517 quarum
542 1469 660 1505 media
685 1472 884 1515 appellatur
907 1483 983 1506 me-

69 1525 130 1559 dia
155 1521 265 1557 aedes,
291 1516 310 1552 ὲ
334 1518 592 1551 recentioribus
613 1519 840 1552 veroNavis:
868 1518 984 1551 alterae

67 1567 227 1604 laterales
250 1563 335 1599 aedes
359 1584 371 1601 ‚
408 1572 506 1595 nunc
527 1560 593 1595 ala
616 1561 790 1597 dicuntur
816 1574 827 1596 ε
854 1569 985 1609 quarta

69 1625 151 1660 pars
174 1610 220 1645 est
237 1609 323 1644 aedes
341 1605 531 1642 transversa
558 1606 611 1640 his
626 1606 763 1646 tribus,
791 1608 924 1653 quibus
948 1609 979 1640 δε

69 1657 144 1704 ipsa
168 1657 352 1701 aliquanto
375 1651 421 1686 est
447 1650 587 1685 brevior
602 1674 614 1690 ‚
639 1663 859 1699 vocaturque
883 1650 980 1687 trabs

67 1706 137 1741 five
154 1702 282 1735 titulus
296 1724 307 1733 .
330 1698 469 1742 Qnta
482 1707 560 1741 pars
572 1697 617 1732 est
643 1697 897 1744 Hemicyclum
913 1722 923 1737 ‚
940 1697 1029 1757 fi'D

67 1762 109 1783 ve
132 1747 219 1782 cella
240 1745 350 1785 major
376 1765 388 1782 ‚
414 1753 522 1788 quam
544 1737 723 1777 tribuna-ni
747 1742 900 1782 dicunt,
925 1743 983 1777 de-

67 1796 190 1830 bentes
227 1792 342 1826 dicere
367 1787 548 1827 tribtlnal3
581 1800 657 1835 quae
683 1792 721 1825 in
749 1789 859 1823 altero
881 1790 983 1823 tituli

64 1842 173 1875 iatere
194 1838 239 1872 est
260 1849 278 1871 e
293 1836 435 1880 regione
449 1831 571 1868 mediae
591 1833 653 1869 aedi
683 1832 913 1881 respondens.
927 1837 984 1869 Se-

66 1896 127 1921 xta
163 1880 384 1929 septimaque
417 1878 498 1913 sunt
524 1879 599 1914 duae
635 1880 730 1915 cellae
760 1882 917 1915 minores
941 1891 983 1914 u-

66 1940 228 1974 tramque
255 1927 348 1961 alam
370 1924 388 1958 ὲ
415 1926 562 1968 regione
575 1924 766 1971 spefilantes
782 1938 846 1964 ‚ac
870 1928 907 1960 iu
923 1938 982 1960 eo-

64 1975 147 2011 dem
177 1976 282 2008 latere
306 1971 431 2008 tituli,
446 1972 484 2003 in
499 1981 570 2015 quo
592 1973 701 2012 major
722 1971 811 2006 cella
837 1971 903 2010 est,
919 1983 979 2014 po·

65 2020 132 2057 fita
167 2017 322 2054 mediam
343 2017 470 2051 cellam
498 2016 715 2051 circumstant
739 2039 750 2055 ‚
786 2015 809 2050 fi
838 2015 980 2062 quando

66 2067 194 2101 titulus
219 2065 330 2097 altero
355 2061 509 2106 longiori
549 2062 654 2096 latere
688 2074 728 2096 ac
762 2062 978 2098 occidentali

65 2114 184 2158 capita
209 2107 336 2143 aedium
358 2108 469 2142 trium
492 2109 687 2142 terminat:
714 2110 753 2142 in
777 2109 889 2142 altero
918 2119 977 2141 ve-

67 2169 106 2192 ro
123 2154 287 2190 orientali
312 2153 397 2187 huic
421 2165 445 2187 ae
475 2165 516 2186 ue
540 2150 683 2186 distanti
709 2153 813 2187 cellas
832 2164 900 2188 tres
913 2153 976 2187 ha-

65 2202 129 2237 bet
143 2222 155 2238 ‚
167 2197 233 2233 live
248 2196 440 2237 tribunalia

66 2247 192 2291 gitudo
217 2251 313 2289 patet
327 2240 344 2275 ὲ
365 2244 495 2285 pariete
519 2243 708 2282 januarum
732 2242 885 2291 adusque
899 2255 978 2277 cur-

63 2300 207 2325 vaturas
232 2289 403 2322 cellarum
428 2299 438 2320 2
465 2287 617 2322 latitudo
641 2300 724 2322 vero
759 2289 803 2323 ab
828 2297 975 2323 externo

65 2339 201 2383 pariete
222 2333 351 2368 dextrae
378 2333 438 2367 alae
460 2331 501 2366 ad
528 2342 713 2367 externum
739 2331 975 2372 sinistrae3ca-

63 2391 131 2429 put
155 2380 303 2415 bafilicae
328 2378 372 2412 est
399 2377 528 2412 titulus
554 2388 658 2424 atque
680 2379 774 2413 cellae
804 2401 817 2417 ‚
854 2381 975 2424 praeci-

64 2437 204 2474 pueque
225 2424 314 2458 cella
340 2424 449 2463 major
465 2436 475 2456 ε
501 2421 593 2470 quod
619 2423 662 2456 ab
687 2426 736 2457 eis
762 2433 932 2470 tanquam
956 2422 974 2457 ’ἒι

67 2475 183 2517 capite
205 2480 327 2505 caetera
349 2470 498 2503 initium
523 2468 681 2509 habent3
708 2481 765 2515 pes
783 2480 865 2503 vero
881 2470 972 2509 ejus,

63 2519 177 2563 paries
200 2516 244 2550 est
262 2538 273 2554 ‚
299 2517 336 2548 in
362 2525 431 2560 quo
447 2512 525 2547 sunt
539 2514 674 2554 janum,
702 2513 840 2549 adeum
854 2526 891 2547 n.
906 2525 975 2548 ter-

64 2565 225 2600 minatur
247 2560 388 2595 basilica
404 2572 415 2592 :
442 2558 542 2593 sicuti
567 2558 607 2592 ad
623 2560 724 2605 pedes
745 2558 872 2592 definit
898 2569 976 2593 cor-

65 2620 131 2656 pus
157 2605 174 2641 ὲ
199 2609 316 2652 capite
345 2606 521 2649 originem
547 2603 707 2640 sumenS.
733 2604 841 2649 Qod
863 2603 888 2638 li
915 2616 976 2650 pa—

65 2656 193 2688 rietem
209 2653 397 2693 januarum
412 2649 570 2684 frontem
595 2652 680 2684 velis
705 2651 790 2689 esse,
817 2662 857 2684 eo
881 2649 973 2697 quod

64 2697 84 2732 ὲ
108 2696 225 2732 fronte
251 2697 321 2735 est,
346 2695 450 2729 cellas
477 2693 625 2730 bafilicae
638 2696 735 2732 dices
760 2698 904 2742 occiput
918 2706 1016 2756 at-F

62 2756 130 2789 que
151 2742 338 2777 receffum.
366 2741 572 2785 Longitudo
595 2753 733 2787 quoque
747 2740 899 2775 basiliere
924 2740 967 2775 ab

62 2798 145 2824 ortu
174 2785 289 2821 versus
313 2783 476 2821 occasum
502 2784 685 2821 tenditur:
714 2796 818 2833 atque
839 2798 895 2823 pes
911 2789 971 2820 ba-

63 2833 166 2868 filicae
191 2832 236 2867 est
262 2844 369 2879 prope
382 2829 538 2865 mediam
563 2834 660 2866 viam
682 2828 969 2868 Vicanci'anamz

65 2877 85 2912 31
107 2890 174 2920 qua
200 2889 260 2922 per
286 2875 506 2916 interjefflm
532 2888 677 2920 parvam
702 2888 820 2913 aream
844 2875 969 2912 distat:

63 2931 171 2968 caput
198 2934 279 2957 vero
304 2924 344 2957 in
370 2919 521 2956 insulam
544 2932 706 2968 penetrat
731 2949 741 2957 .
767 2922 824 2957 Est
851 2932 971 2957 autem

65 2968 169 3002 tituli
195 2967 382 3001 lonoitudo
396 2965 438 3000 ad
452 2967 540 3000 XV.
560 2969 713 3003 latitudo
735 2967 775 3003 ad
798 2971 972 3014 quinque,

63 3012 218 3048 altitudo
240 2997 280 3045 ad
307 3014 392 3047 X11.
413 3011 524 3058 passus
552 3037 561 3045 .
597 3012 757 3053 Ejusdem
782 3016 891 3059 paries
915 3024 972 3046 oc·-

65 3056 189 3092 ciduus
205 3079 216 3095 ‚
239 3068 309 3103 quo
331 3069 414 3092 cum
434 3055 548 3092 tribus
568 3057 700 3093 aedibus
726 3060 972 3103 conjungitur,

61 3102 186 3154 habet.
205 3111 273 3137 tres
311 3113 456 3147 magnos
481 3113 578 3136 arcus
606 3126 617 3142 ‚
650 3116 803 3151 quorum
837 3103 973 3138 medius

65 3148 110 3182 est
137 3148 218 3197 aliis
242 3149 353 3185 maior
378 3159 388 3179 ε
431 3159 490 3193 per
512 3159 599 3189 quos
625 3161 724 3183 arcus
764 3161 836 3184 non
867 3147 973 3183 modo

65 3196 234 3229 tranlitus
248 3191 482 3239 ampliffimus
501 3193 543 3228 fit
563 3193 603 3228 de
626 3195 733 3229 titulo
757 3197 799 3228 in
823 3195 914 3231 alas,
942 3196 973 3227 δε

67 3250 194 3274 navem
211 3250 221 3271 2
247 3249 370 3273 verum
385 3239 495 3271 etiam
521 3236 615 3273 idem
629 3252 682 3273 aer
699 3261 709 3277 ‚
732 3242 764 3274 &
789 3239 909 3274 eadem
924 3241 979 3272 in-

64 3285 209 3319 nanitas
256 3285 425 3320 omnium
460 3291 612 3328 quatuor
641 3283 770 3320 aedium
792 3283 976 3322 redditum

62 3330 176 3376 paries
196 3338 317 3376 autern
348 3326 448 3373 tituli
469 3329 652 3374 orientalis
678 3330 784 3369 cellas
807 3339 874 3366 tres
901 3341 976 3373 meg

485 2201 555 2232 icat
570 2209 580 2234 ;
593 2197 742 2232 bafilicae
765 2208 886 2232 autern
901 2198 976 2232 lon-
988 2217 1021 2258 E

1046 1257 1098 1282 res
1113 1269 1122 1278 .
1138 1242 1271 1278 Eodem
1281 1240 1386 1276 modo
1398 1262 1410 1278 ‚
1428 1242 1458 1274 δε
1472 1242 1532 1275 alae
1546 1238 1623 1287 ipsae
1637 1237 1717 1274 sunt
1731 1236 1961 1282 longitudine

1046 1301 1143 1339 pares
1154 1287 1216 1323 aedi
1236 1284 1574 1331 mediaetamplitudo
1587 1296 1671 1319 vero
1685 1294 1808 1318 earum
1824 1284 1960 1318 alarum

1045 1336 1090 1372 est
1101 1337 1230 1370 triente
1255 1343 1363 1380 quam
1388 1330 1502 1365 media
1517 1333 1634 1366 minor
1648 1355 1656 1364 .
1674 1332 1830 1365 Demum
1846 1327 1963 1362 media

1041 1380 1152 1419 aedes,
1179 1388 1284 1426 atque
1299 1377 1358 1411 alae
1389 1379 1426 1411 in
1449 1376 1533 1422 pede
1559 1374 1709 1410 balilicae
1745 1373 1962 1409 clauduntur

1043 1428 1174 1475 pariete
1194 1437 1268 1459 uno
1291 1446 1304 1463 ‚
1341 1425 1377 1456 in
1405 1434 1476 1468 quo
1503 1432 1572 1456 tres
1601 1419 1684 1455 sunt
1705 1421 1847 1460 januar,
1874 1430 1963 1464 qua-

1043 1484 1125 1508 rum
1149 1469 1263 1504 media
1287 1469 1404 1504 multo
1417 1468 1494 1501 aliis
1521 1467 1656 1506 major-3
1680 1464 1779 1510 supra
1796 1476 1961 1499 veroma-

1039 1519 1150 1560 iorem
1170 1517 1315 1556 januam
1335 1512 1419 1548 sunt
1446 1511 1519 1547 duze
1533 1511 1683 1546 fenestra·
1706 1511 1864 1554 oblongre
1879 1531 1889 1546 ,
1906 1508 1960 1542 su-

1041 1575 1103 1608 pra
1126 1572 1212 1607 quas
1240 1559 1284 1594 est
1309 1559 1460 1596 oculus,
1489 1568 1592 1600 atque
1615 1555 1816 1601 fastigium:
1848 1565 1882 1587 nt
1907 1554 1962 1588 su-

1037 1619 1101 1653 pra
1123 1606 1272 1646 maiores
1297 1607 1419 1646 januas
1446 1601 1586 1647 lingulis
1613 1601 1692 1635 sunt
1719 1599 1893 1637 femella,
1913 1600 1957 1633 il-

1037 1655 1082 1687 lis
1098 1675 1108 1690 ‚
1134 1663 1220 1698 quas
1243 1648 1399 1684 diximus
1422 1650 1601 1684 minores,
1626 1646 1724 1690 supra
1749 1657 1833 1691 quas
1857 1643 1961 1678 semi-

1043 1698 1221 1743 fastigium
1246 1697 1394 1739 erigitur
1422 1716 1432 1732 ‚
1460 1694 1591 1727 teSlum
1619 1691 1850 1725 imbricatum
1874 1712 1885 1727 ‚
1911 1688 1962 1723 so·

1045 1747 1119 1778 lum
1147 1754 1228 1776 vero
1254 1739 1519 1777 lithostratum3
1547 1736 1661 1773 media
1687 1738 1890 1781 quinetiam
1916 1748 1961 1769 ἕε-

1041 1789 1098 1823 des
1123 1785 1235 1822 divisa
1257 1786 1301 1820 est
1329 1788 1366 1819 in
1394 1785 1478 1818 duas
1507 1793 1643 1830 partes:
1670 1792 1826 1827 quarum
1849 1781 1961 1821 major

1041 1837 1156 1880 vergit
1187 1832 1228 1866 ad
1249 1834 1393 1873 januam
1418 1852 1430 1869 ‚
1462 1833 1579 1864 minor
1617 1827 1636 1861 ὲ
1661 1828 1769 1862 titulo
1789 1826 1832 1861 est
1860 1848 1870 1864 ‚
1898 1837 1959 1871 pa-

1040 1879 1192 1916 rietibus
1218 1878 1376 1923 parvulis
1401 1875 1724 1921 distinguentibu5‚
1750 1883 1789 1906 ac
1818 1873 1854 1906 in
1883 1880 1960 1905 rne-

1039 1924 1099 1960 dio
1117 1935 1238 1959 arcum
1254 1946 1264 1963 ,
1277 1932 1317 1956 ut
1331 1924 1457 1958 ostium
1471 1918 1762 1955 continentibus.
1777 1929 1837 1964 per
1850 1928 1960 1965 quem

1039 1981 1161 2006 arcum
1185 1969 1226 2003 de
1253 1970 1387 2010 majore
1412 1970 1451 2002 in
1480 1968 1658 2000 minorem
1683 1965 1795 1997 Navis
1824 1971 1961 2008 partem

1039 2015 1237 2055 transitum
1259 2015 1321 2049 alti
1350 2012 1430 2048 sunt
1454 2012 1492 2047 hi
1517 2010 1684 2056 parietuli
1711 2008 1751 2047 ad
1766 2009 1816 2042 X.
1844 2006 1962 2053 pedesz

1037 2074 1111 2097 non
1137 2058 1248 2095 solum
1273 2073 1313 2095 ea
1338 2061 1457 2094 minor
1484 2068 1561 2105 pars
1590 2054 1684 2090 hisce
1710 2054 1893 2102 pzirietulis
1920 2055 1960 2087 in

1033 2109 1093 2143 lon
1121 2103 1260 2141 itudine
1299 2108 1512 2140 terminatur
1537 2124 1548 2141 ‚
1577 2099 1630 2136 sed
1659 2103 1769 2135 etiam
1803 2097 1821 2133 :i
1848 2099 1954 2136 lavo,

1034 2165 1073 2188 ac
1122 2159 1221 2187 extro
1253 2153 1358 2186 latere
1396 2148 1577 2183 clauditur
1600 2171 1610 2180 .
1647 2145 1888 2190 Quamobrem
1914 2144 1960 2177 ab

1036 2195 1158 2233 occasu
1183 2208 1306 2231 arcum
1327 2218 1338 2234 ‚
1366 2195 1409 2230 ab
1440 2204 1520 2228 ortu
1546 2205 1628 2227 vero
1657 2191 1861 2236 interpilare
1884 2200 1960 2223 rna-

1033 2255 1145 2288 gnum
1171 2243 1269 2276 tituli
1297 2241 1403 2276 habet
1433 2252 1443 2273 t
1470 2251 1546 2286 quse
1573 2236 1736 2284 expedita
1764 2244 1954 2281 apertaque

1032 2289 1136 2326 sunt3
1164 2288 1222 2321 ille
1251 2285 1395 2333 quidem
1424 2308 1435 2324 ‚
1462 2296 1502 2318 ut
1531 2280 1814 2327 ingredientibus
1840 2288 1959 2325 pateat

1032 2333 1148 2369 aditus
1176 2345 1184 2365 :
1210 2332 1415 2376 interpilare
1442 2341 1525 2364 vero
1554 2351 1565 2367 ‚
1599 2338 1639 2361 ut
1665 2339 1722 2360 ara
1747 2335 1874 2370 magna
1900 2328 1956 2357 vi-

1033 2379 1158 2412 deatur
1184 2402 1194 2411 .
1222 2380 1261 2410 In
1286 2378 1350 2410 hac
1376 2374 1448 2422 ipsa
1474 2384 1569 2420 parte
1608 2374 1687 2406 lunt
1715 2379 1867 2417 quatuor
1908 2369 1959 2403 se-

1032 2424 1132 2457 dium
1157 2423 1296 2457 ordines
1312 2444 1324 2460 ‚
1349 2433 1425 2466 quae
1446 2432 1488 2454 ex
1516 2418 1680 2454 affatibus
1708 2418 1830 2450 nuceis
1856 2427 1955 2449 com-

1031 2468 1136 2515 pafftae
1155 2466 1259 2501 sunt:
1285 2465 1364 2501 bini
1388 2465 1582 2503 adenem,
1610 2474 1647 2497 ac
1667 2463 1744 2496 bini
1773 2459 1957 2499 ministra,

1033 2516 1095 2560 qui
1119 2513 1161 2547 ab
1176 2514 1271 2546 antis
1284 2513 1360 2546 ostii
1388 2509 1533 2545 arcui've
1559 2509 1600 2543 ad
1617 2508 1766 2552 angulos
1790 2505 1955 2540 dextmm

1030 2561 1257 2604 laevumque‚
1285 2559 1316 2591 <Sc
1333 2557 1377 2591 ab
1401 2556 1542 2601 angulis
1566 2552 1720 2598 adusque
1733 2552 1822 2595 pilas
1852 2552 1954 2585 tituli

1033 2606 1295 2651 porriguntur3
1322 2614 1444 2638 eorum
1469 2599 1636 2635 ordinum
1661 2608 1743 2633 vero
1769 2600 1956 2631 exteriores

1030 2651 1102 2685 duo
1128 2649 1211 2685 sunt
1235 2649 1516 2685 eminentiores,
1545 2644 1652 2691 atque
1678 2645 1957 2678 concameratio-

1032 2708 1074 2731 ne
1099 2706 1171 2729 una
1199 2696 1313 2728 veluti
1339 2693 1474 2728 fornice
1499 2691 1677 2725 conteeli:
1704 2690 1741 2721 in
1758 2690 1840 2734 quis
1865 2686 1952 2721 sella:

1031 2740 1199 2775 distinete
1225 2738 1304 2774 sunt
1329 2750 1434 2785 opere
1460 2737 1699 2783 pulcherrimo
1722 2732 1953 2778 segmentum

1028 2798 1067 2822 ac
1093 2785 1272 2830 virgulato
1300 2798 1311 2825 3
1337 2785 1466 2828 reliqui
1493 2794 1575 2816 vero
1615 2780 1755 2815 ordines
1781 2778 1850 2811 duo
1875 2775 1954 2811 sunt

1028 2830 1237 2870 inferiorem
1264 2830 1488 2876 carentesque
1526 2829 1557 2861 Sc
1583 2827 1739 2871 tegmine
1764 2831 1956 2859 cameram,

1030 2881 1061 2912 &
1087 2886 1297 2911 ornamento
1336 2873 1628 2921 segmentationis
1670 2884 1682 2910 3
1721 2867 1956 2915 quamobrem

1029 2924 1091 2969 qui
1119 2925 1155 2956 in
1181 2920 1300 2955 medio
1337 2933 1376 2955 eo
1403 2922 1479 2954 loco
1517 2917 1562 2952 est
1587 2939 1612 2964 ‚⁴
1642 2926 1765 2950 omnes
1792 2914 1954 2958 undique

1030 2971 1193 3002 intuetur
1218 2964 1316 3000 sellas
1332 2966 1571 3013 ,Qnetiam
1596 2961 1657 2995 iub
1683 2959 1870 2994 ordinibus
1897 2962 1953 2991 in-

1029 3011 1219 3048 ferioribus
1245 3009 1364 3046 sedilia
1389 3009 1547 3056 quedam
1573 3008 1642 3041 alia
1679 3005 1925 3040 extenduntur
1941 3024 1953 3040 ‚

1031 3070 1104 3095 non
1129 3056 1289 3091 ‹listin5ta
1328 3059 1367 3091 in
1393 3056 1490 3091 sellas
1516 3075 1527 3092 ‚
1565 3051 1620 3087 sed
1654 3063 1765 3085 unam
1790 3059 1953 3084 commu-

1030 3113 1182 3148 nemque
1208 3099 1321 3136 sedem
1347 3101 1517 3136 facientia
1545 3123 1554 3131 .
1598 3098 1806 3143 Appellatus
1831 3095 1878 3130 est
1903 3095 1955 3128 lo·

1030 3161 1091 3184 cus
1117 3151 1145 3181 is
1170 3147 1288 3181 chorus
1315 3171 1325 3186 ‚
1364 3147 1497 3181 dicitur
1524 3155 1666 3191 quoque
1701 3141 1719 3175 ὲ
1748 3141 1956 3176 recentiori-

1032 3195 1098 3229 bus
1125 3191 1333 3237 Chorhospita
1374 3202 1537 3233 numero!
1569 3190 1750 3234 plurativo
1779 3201 1789 3226 3
1814 3188 1881 3222 hoc
1907 3183 1953 3217 est

1034 3241 1130 3277 loca,
1156 3238 1212 3272 vel
1236 3235 1322 3271 solia
1347 3236 1588 3281 hemicyclave
1618 3232 1841 3278 suscipientia
1867 3231 1952 3263 cho-

1039 3296 1117 3318 rum
1135 3306 1145 3323 ‚
1170 3281 1254 3316 sunt
1279 3284 1343 3328 qui
1368 3281 1497 3316 dicunt
1534 3279 1745 3325 chor-hulpitae
1766 3291 1775 3317 ·,
1800 3278 1865 3311 hoc
1893 3273 1954 3311 est,

1034 3329 1121 3365 l'ellae
1146 3329 1325 3375 capientes
1350 3328 1497 3377 chorum
1525 3349 1536 3367 ,
1562 3319 1743 3370 hospitum
1766 3335 1801 3357 n.
1829 3320 1863 3356 id
1891 3317 1953 3398 {etss'e

1838 3376 1885 3399 ΥΠ
