2404 3882
481 130 535 175 43

2178 127 2239 166 44

494 219 552 273 1)
632 206 680 259 E
801 201 857 258 N
936 203 988 256 O
1066 204 1117 259 L
1193 203 1251 260 A
1341 198 2288 253 ‘ADEFIGURa‚ETAMBITu

531 303 756 382 LIBER
797 322 1210 373 SECUNDUS.

466 437 535 485 IN
579 429 799 478 EISDEM
838 429 904 470 IN
932 431 1146 483 QUIBUS
1175 427 1288 470 PRIss

509 510 562 540 us
585 502 673 536 erat
703 488 864 587 sedffirlrlls
875 485 1046 587 stljpgam
1078 489 1242 543 praestnff

716 647 1037 681 CARL

558 812 623 845 que
657 804 783 837 magna
814 815 825 831 ⁵
863 801 966 839 atque
1003 792 1135 840 quibus
1173 791 1331 828 moribus

558 843 690 880 Nolani
715 837 1022 885 suerint'5‘>idque
1045 837 1196 886 abusque
1223 837 1330 879 origi-

424 912 469 936 ne
496 891 646 936 adusque
671 884 911 930 tempestatem
936 886 1084 919 nostram
1109 908 1120 924 .,
1147 888 1190 920 iis
1216 905 1227 921 ‚
1255 892 1330 926 quae

424 948 618 980 memorata
653 928 732 966 sunt
770 931 942 975 {uperiore
981 929 1102 964 libello
1127 954 1138 970 ‚
1174 929 1330 971 explica-

421 994 505 1026 fUm
529 985 598 1021 est,
622 981 790 1022 Qonam
815 984 932 1010 autem
957 975 1060 1011 modo
1090 988 1185 1011 nunc
1209 973 1239 1008 se
1265 974 1326 1007 ha-

425 1041 507 1075 beat
532 1055 544 1071 ‚
570 1031 636 1065 hoc
660 1026 706 1060 est
742 1026 849 1056 Anno
874 1023 1085 1057 M.D.X11.
1120 1021 1191 1068 post
1211 1017 1325 1066 jesum

425 1083 626 1121 Dominum
643 1095 654 1112 a
669 1067 883 1114 consequens
907 1069 950 1104 est
965 1091 976 1108 ‚
1002 1078 1202 1102 enarremus
1216 1090 1224 1098 .
1252 1066 1325 1098 No-

423 1132 458 1166 12
483 1128 595 1173 igitur
624 1114 766 1166 praesens
789 1116 828 1149 in
851 1116 970 1149 eodem
982 1125 1063 1159 agro
1079 1135 1091 1152 ‚
1116 1122 1219 1158 atque
1244 1106 1330 1144 sedi-

424 763 532 865 U
546 755 625 793 RES
643 750 736 784 Nola
763 758 832 793 quo
858 748 897 780 in
921 759 1002 794 agro
1017 747 1171 783 ‘fundata
1185 769 1196 787 ‚
1208 756 1333 792 quam-

1417 262 1619 314 praesentis
1648 261 1782 302 urbis:
1812 262 1849 306 ὅ(
1873 273 2027 317 quanto
2055 267 2189 304 minor
2214 265 2262 305 fit

1445 316 1531 361 haec
1577 330 1704 370 quam
1733 321 1938 372 antiqua:
1983 320 2118 371 deque
2159 331 2236 361 nu-

1507 384 1622 413 mero
1662 375 1806 414 aedium
1845 386 1970 428 atque
2015 377 2169 418 civium

1645 431 1758 476 urbis
1787 432 2025 484 utriusque·

1666 539 1697 574 C
1745 541 1778 581 A
1824 545 1863 576 P.
1952 545 2003 578 ΙΙ,

1341 658 1571 746 BFIgura
1604 654 1780 701 praesentis
1806 653 1904 691 urbis
1942 668 2145 706 quanquam
2177 659 2291 695 unde-

1480 708 1551 738 cim
1577 703 1622 738 est
1653 702 1866 747 angulorum
1903 728 1917 745 ‚
1953 705 2136 750 aliquanto
2168 714 2290 741 tamen

1388 750 1432 784 est
1458 750 1597 793 longior
1623 758 1635 785 3
1659 748 1799 793 longior
1838 759 1875 781 n.
1900 748 1945 784 est
1970 769 1982 787 ‚
2022 761 2090 795 qua
2126 750 2168 785 ab
2205 760 2287 785 ortu

1387 793 1547 830 occasum
1571 790 1687 827 versus
1714 793 1963 838 protenditur.
1987 795 2196 842 Qnetiam
2209 807 2282 842 qua

1387 841 1429 876 ad
1454 838 1613 873 occasum
1636 840 1751 881 vergit
1774 840 1879 884 paulo
1912 839 2038 876 auctior
2066 852 2075 874 ;
2113 852 2180 887 qua
2204 852 2290 876 vero

1387 885 1430 920 ad
1456 892 1575 918 ortum
1610 904 1622 921 a
1647 882 1750 916 latior
1773 908 1783 918 .
1819 887 1927 920 Latus
1952 896 2089 931 quoque
2115 886 2206 930 quod
2229 897 2290 920 oc-

1386 929 1502 966 casum
1522 928 1675 975 sper‘ilat,
1703 928 1836 964 ructum
1861 931 1907 965 est
1935 943 1946 964 τ
1973 929 2007 964 id
2037 942 2119 965 vero
2143 931 2234 976 quod
2249 943 2288 964 o-

1383 979 1534 1012 rientem
1555 973 1660 1008 solem
1686 976 1851 1021 excipit,
1877 974 2043 1022 angulosa
2070 976 2290 1011 rotunditate

1381 1029 1551 1056 curvatur
1575 1044 1584 1053 .
1624 1018 1772 1054 Proinde
1806 1019 1955 1055 dimidio
1982 1021 2131 1057 humani
2166 1023 2292 1056 calcis.

1385 1067 1566 1118 vestigiiave
1593 1086 1605 1103 ‚
1629 1062 1721 1109 quod
1755 1063 1774 1099 ὲ
1798 1067 1868 1100 talo
1893 1066 1938 1101 est
1964 1089 1976 1106 ,
2010 1065 2093 1101 urbs
2114 1068 2185 1101 haec
2211 1065 2286 1113 spe-

1382 1114 1496 1148 &atur
1521 1109 1730 1157 per-similist
1755 1110 1895 1145 mensus
1918 1121 2000 1146 vero
2020 1112 2177 1146 ambitus
2201 1122 2293 1146 non-

426 1178 491 1212 bus
519 1167 648 1206 eisdem
675 1165 764 1203 §acet
788 1183 800 1199 ο
837 1163 876 1196 ΞΠ
902 1159 1031 1207 quibus
1056 1160 1144 1211 oliui
1176 1155 1328 1210 stabilit?
1385 1165 1574 1204 gentorum
1603 1167 1641 1190 ac
1671 1166 1731 1190 xx.
1757 1166 1907 1202 quatuor
1933 1155 2091 1202 pass'uum
2118 1160 2286 1192 inventus

425 1221 593 1257 extiterat
618 1238 627 1247 .
652 1211 734 1254 Qo
759 1219 802 1241 ex
826 1208 904 1241 loco
942 1203 1029 1240 illud
1066 1202 1250 1244 comecias-1
1284 1200 1454 1240 ll·Cest.
1482 1205 1571 1236 Area
1598 1213 1680 1235 vero
1708 1210 1807 1235 tanta
1828 1201 1872 1235 est
1896 1224 1907 1241 ‚
1941 1211 2072 1246 quanta
2093 1213 2213 1247 capere
2229 1215 2292 1249 po·

425 1276 481 1302 cet
507 1287 519 1303 ‚
547 1265 732 1304 nunquam
755 1253 849 1287 bello
875 1252 1025 1286 deletam
1052 1249 1178 1284 urbem
1202 1244 1327 1282 fundi.-

424 1322 481 1349 tus
506 1305 606 1344 fuiffe
631 1326 643 1342 a
667 1299 774 1346 usque
801 1299 928 1333 adeove
953 1295 1156 1330 afflifftatam
1186 1314 1198 1331 ,
1222 1302 1262 1325 ut
1276 1291 1327 1325 ci-

426 1360 529 1398 vium
555 1350 709 1394 reliquiae
733 1344 849 1391 sugere
869 1343 991 1378 coa&ae
1004 1341 1045 1375 ad
1075 1341 1230 1385 ailquam
1256 1336 1327 1370 vil-

424 1394 498 1441 iam
536 1398 694 1435 vicinam
725 1392 890 1426 venerint
916 1411 926 1428 ‚
962 1387 1140 1422 coluerint
1175 1406 1187 1423 ‚
1222 1393 1327 1430 auxe-

426 1453 502 1487 smt
529 1469 541 1485 ‚
567 1441 763 1484 Nolamque
801 1435 900 1470 illam
934 1432 1184 1468 nominarint:
1220 1429 1321 1461 sicuti

453 1491 600 1538 lerisque
636 1484 766 1520 accidit
792 1481 929 1527 populis
951 1477 1043 1513 bello
1074 1497 1086 1514 ‚
1124 1476 1236 1509 aliove
1272 1483 1329 1505 ca..

440 1554 464 1575 u
485 1538 525 1573 de
554 1534 669 1582 patrio
691 1530 759 1564 solo
788 1525 981 1573 propulsis,
1007 1523 1067 1567 qui
1087 1519 1127 1554 de
1152 1525 1271 1554 monte
1287 1519 1325 1554 in

453 1584 618 1620 laniciem
634 1600 645 1614 ι,
668 1584 728 1610 aut
753 1571 793 1606 de
820 1572 972 1618 planicie
1000 1567 1041 1602 ad
1064 1575 1223 1600 montem
1240 1573 1326 1600 aaut

425 1599 467 1667 Ee
491 1627 576 1662 urbe
591 1623 632 1658 ad
646 1632 776 1667 pagum
789 1640 801 1656 ‚
825 1614 980 1661 sedesque
996 1637 1006 1653 ‚
1024 1621 1128 1658 atque
1149 1612 1234 1645 lares
1248 1621 1326 1643 mu-

424 1674 534 1712 tando
559 1668 846 1710 transmigravere
870 1675 881 1696 τ
921 1661 973 1696 sed
1000 1656 1089 1693 sedes
1124 1658 1287 1701 antiquas
1312 1675 1324 1692 ‚

1385 1248 1446 1284 test
1466 1247 1538 1281 duo
1554 1247 1737 1292 quadrata,
1763 1257 1912 1293 quorum
1927 1247 2061 1291 singula
2087 1247 2192 1281 latera
2207 1245 2290 1282 sunt

1382 1302 1576 1329 centenum
1587 1293 2101 1339 quinquagenumquaternum
2119 1292 2289 1339 passuum.

1384 1344 1434 1375 Ea
1461 1339 1662 1387 quinetiam
1697 1336 1766 1371 duo
1805 1338 1971 1383 quadrata
2010 1340 2048 1371 in
2079 1349 2189 1372 unum
2218 1338 2292 1372 col—

1382 1386 1469 1422 legia
1498 1383 1661 1417 efficiunt
1693 1382 1907 1426 quadratum
1944 1394 2114 1427 magnum
2142 1405 2152 1422 ‚
2192 1384 2290 1424 cujus

1384 1429 1521 1477 singula
1547 1429 1653 1462 latera
1692 1427 1771 1461 sunt
1811 1429 2052 1463 ducentenum
2088 1427 2289 1474 septenum-

1384 1488 1451 1522 que
1478 1474 1609 1508 denum
1638 1473 1794 1519 passuum
1818 1485 1901 1507 cum
1927 1477 2034 1508 ternis
2062 1477 2199 1519 quintis
2214 1471 2291 1519 pas-

1382 1524 1438 1559 sus
1463 1521 1568 1554 unius
1591 1531 1599 1552 2
1629 1517 1780 1559 ejusdem
1808 1531 1890 1553 vero
1920 1518 2074 1552 ambitus
2106 1518 2151 1553 est
2178 1520 2291 1553 ofiliu-

1383 1576 1571 1615 gentorum
1585 1562 1803 1610 septuaginta
1818 1563 2074 1609 paffuum‚cum
2087 1566 2193 1598 ternis
2206 1564 2291 1598 dua-

1382 1608 1448 1650 bus
1469 1612 1627 1658 quintiS.
1654 1613 1857 1644 Diametrus
1877 1621 1957 1644 vero
1984 1608 2089 1655 ipfius
2113 1617 2290 1648 trecento-

1384 1672 1464 1696 rum
1490 1668 1528 1690 ae
1554 1656 1630 1691 030
1653 1654 1811 1702 passuum
1838 1655 1905 1688 fere
1929 1681 1937 1688 .
1963 1656 2001 1689 Id
2029 1653 2143 1701 ipsum
2170 1665 2291 1690 autem

424 1718 575 1768 quasque
600 1716 756 1760 primum
784 1707 949 1743 dantibus
984 1704 1052 1739 diis
1078 1697 1599 1754 occuparant‚unadratum
1627 1704 1734 1737 etiam
1760 1709 1905 1735 tantum
1940 1702 2102 1735 continet
2128 1721 2140 1738 ‚
2179 1712 2294 1742 quan-

424 1766 557 1808 semper
583 1760 719 1794 coluere
746 1755 899 1791 Nolani:
926 1762 1036 1796 neque
1062 1744 1233 1783 mutando
1248 1754 1327 1779 tan-

426 1811 509 1848 tillo
533 1809 650 1843 locum
674 1801 692 1837 a
717 1801 850 1837 laribus
885 1800 1055 1845 genioque
1082 1793 1149 1828 {uis
1181 1790 1327 1836 degene-

425 1866 546 1894 ravere
570 1874 581 1891 ‚
606 1850 706 1895 seque
744 1859 825 1881 cum
852 1845 995 1891 paganis
1032 1837 1201 1874 miscuere
1227 1858 1238 1874 ,
1263 1836 1325 1870 ho.¹

423 1897 573 1949 spitesve
600 1893 690 1940 apud
716 1893 865 1939 populos
888 1890 1019 1924 alienos
1054 1883 1200 1931 usquam
1224 1893 1326 1916 man-

423 1947 493 1984 sere
515 1970 524 1978 .
548 1947 589 1977 In
616 1939 744 1975 eisdem
773 1946 890 1972 autem
921 1932 1054 1968 sedibus
1074 1952 1086 1970 ‚
1121 1929 1161 1963 in
1198 1928 1328 1973 quibus

425 1994 525 2040 prius
551 1996 624 2023 erat
643 2008 654 2025 ‚
675 1983 801 2019 urbem
827 1978 1029 2028 praesentem
1053 1976 1160 2012 stare,
1184 1970 1329 2007 eviden-

425 2036 602 2073 tiffimum
637 2032 682 2067 est
714 2055 725 2066 .
764 2034 842 2064 Pars
877 2026 974 2062 enim
1005 2020 1178 2058 hodiernae
1203 2017 1326 2057 urbis,

423 2094 501 2130 quze
525 2079 566 2120 ad
594 2075 751 2113 occasum
776 2072 972 2119 hybernum
1005 2068 1118 2110 vergit
1145 2085 1157 2103 2
1184 2074 1328 2109 quaeque

423 2134 573 2165 .vocatur
609 2124 732 2156 Turris
757 2117 901 2154 rotunda
926 2138 938 2155 ‚
971 2118 1064 2149 inter
1097 2109 1167 2143 duo
1190 2112 1329 2154 amphi-

426 2174 564 2207 theatra
599 2179 704 2215 prope
733 2164 909 2210 procurrit
938 2173 950 2201 3
987 2171 1054 2206 qua
1079 2168 1161 2191 vero
1198 2151 1327 2199 speeiat

1384 1762 1463 1787 tum
1484 1747 1564 1782 sunt
1588 1746 1657 1796 duo
1681 1748 1820 1780 minora
1846 1757 1952 1791 quam
1974 1746 2036 1780 illa
2069 1745 2140 1779 duo
2165 1769 2176 1786 ‚
2213 1755 2291 1791 quae

1382 1800 1479 1844 prius
1498 1793 1589 1828 ditia
1616 1794 1695 1827 {unt
1718 1790 1887 1837 quadrata
1912 1814 1924 1831 ‚
1951 1801 2053 1836 atque
2093 1791 2288 1827 dimidium

1383 1841 1527 1878 alterius
1542 1864 1552 1874 .
1576 1840 1740 1884 Qorum
1769 1839 1951 1872 minorum
1966 1835 2221 1883 quadratorum
2238 1836 2289 1869 la-

1383 1898 1458 1924 tera
1480 1886 1613 1932 singula
1640 1884 1720 1918 sunt
1747 1891 1936 1918 centenum
1969 1884 2146 1917 tricenum
2180 1882 2293 1925 septe-

1382 1945 1472 1969 num
1499 1931 1579 1977 paff.
1605 1941 1686 1964 cum
1709 1931 1818 1963 ternis
1843 1932 1978 1974 quartis
2007 1953 2017 1962 .
2043 1928 2174 1963 Eadem
2202 1938 2291 1961 vero

1385 1980 1456 2013 duo
1480 1975 1648 2024 quadrata
1671 1986 1754 2009 cum
1781 1973 1932 2009 dimidio
1967 1973 2069 2008 fimul
2102 1972 2290 2014 conjunfflz

1386 2023 1579 2060 redduntur
1596 2020 1740 2067 aequalia
1768 2017 1954 2066 sexangulo
1991 2019 2106 2066 spacio
2140 2040 2152 2058 ‚
2192 2018 2292 2058 cuius

1386 2069 1519 2114 singula
1548 2069 1652 2102 latera
1678 2066 1757 2100 sunt
1784 2067 1931 2110 aequalia
1968 2064 2137 2100 lateribus
2172 2062 2293 2107 fingu-

1384 2115 1428 2150 lis
1453 2126 1574 2149 eorum
1603 2111 1752 2146 duorum
1789 2111 2041 2156 quadratorum
2063 2135 2073 2145 .
2114 2112 2293 2153 §exangu-

1384 2160 1460 2195 lum
1485 2172 1520 2194 n.
1542 2158 1694 2205 spacium
1725 2178 1736 2195 ‚
1777 2155 1869 2202 quod
1902 2157 2148 2202 aequilaterum
2180 2152 2292 2187 fuerit

427 2217 562 2253 antium
587 2214 626 2249 ad
653 2220 789 2259 portam
815 2208 981 2242 Samuelis
1020 2227 1033 2244 ‚
1069 2201 1213 2249 parietis
1250 2207 1375 2249 par—E
1389 2207 1495 2240 alicui
1517 2203 1687 2252 quadrato
1709 2224 1721 2241 ‚
1749 2204 1804 2247 §est
1831 2205 1937 2236 etiam
1975 2201 2089 2236 eidem
2119 2198 2292 2245 quadrato

425 2271 501 2296 tem
526 2262 661 2295 laterici
699 2256 836 2300 antiqui
862 2252 1039 2299 validique
1064 2245 1193 2283 habet,
1219 2255 1325 2291 quem
1346 2250 1351 2256 “
1385 2251 1492 2297 duplo
1505 2251 1552 2286 ses
1574 2249 1789 2296 quialterum
1818 2272 1827 2281 .

426 2307 484 2343 vel
503 2306 627 2352 templi
651 2303 706 2338 vel
732 2312 867 2347 magnae
901 2297 1023 2333 domus
1047 2293 1144 2329 fuiffe
1170 2312 1180 2329 ‚
1210 2289 1326 2325 neces-

424 2352 501 2387 sum
527 2351 570 2385 est
596 2364 607 2390 3
632 2352 660 2383 is
685 2359 780 2382 nunc
805 2349 898 2380 intra
936 2343 1056 2377 urbem
1093 2338 1138 2372 est
1163 2358 1174 2376 ‚
1208 2335 1328 2371 distat-.

427 2409 497 2442 que
521 2395 540 2430 ‘21
573 2407 675 2430 muro
712 2393 840 2427 arffico
872 2411 885 2429 ‚
924 2386 1191 2428 Samuelinaque
1227 2392 1328 2428 porta

427 2444 570 2477 circiter
590 2441 708 2474 decem
734 2437 842 2483 paffus
872 2461 882 2471 .
908 2432 1031 2469 Eidem
1052 2428 1178 2476 parieti
1200 2427 1329 2467 videli-

427 2496 485 2521 cet
499 2485 621 2521 domus
646 2487 874 2529 Tangorum,
903 2479 1142 2513 bricciam-im,
1166 2474 1329 2507 Maecen-

426 2541 508 2568 1um
529 2553 540 2570 ‚
565 2540 668 2577 atque
696 2527 951 2563 Caesarinorum
978 2523 1148 2557 inhaerent
1174 2540 1187 2559 ,
1221 2528 1327 2562 atque

427 2579 488 2612 via
508 2599 520 2616 ‚
544 2588 619 2622 quae
644 2586 704 2620 per
727 2572 964 2608 Samuelinam
990 2566 1251 2613 portamintrat
1266 2576 1325 2599 ure

424 2622 508 2657 bem
533 2644 544 2661 ,
569 2620 696 2655 scindit
720 2621 815 2654 hunc
840 2615 990 2652 eundem
1015 2614 1109 2654 inter
1142 2611 1323 2649 Macceas‚

427 2670 461 2702 δε
485 2665 673 2702 caesarinas
704 2664 823 2698 domos
858 2686 869 2697 .
904 2662 945 2696 In
970 2657 1086 2693 media
1121 2667 1203 2691 vero
1240 2655 1333 2704 urb-e.

428 2711 593 2766 praesente
632 2709 846 2757 episcopium
869 2707 914 2740 est
935 2728 946 2745 ‚
972 2701 1236 2794 quedl-eratin
1262 2706 1374 2749 ana-F

1049 2786 1052 2790 ,
1082 2756 1255 2786 umetiam
1290 2748 1352 2784 in·

426 2769 527 2804 tiqua
561 2757 650 2792 Nola
671 2755 845 2800 templum
877 2753 974 2799 Jovis
999 2774 1010 2785 .

426 2803 559 2848 ungulo
581 2801 678 2835 urbis
694 2823 705 2839 ‚
731 2803 768 2833 iu
784 2810 853 2842 quo
880 2799 985 2833 turris
1005 2792 1249 2840 Megaldorum
1273 2804 1333 2832 ex-⁴

427 2856 480 2882 tat
505 2869 516 2885 ‚
541 2846 772 2881 fundamenta
800 2844 926 2889 templi
959 2841 1148 2877 servatoris
1174 2838 1330 2888 autiquae

428 2891 526 2927 urbis
553 2893 569 2926 ἓι
595 2903 696 2926 muro
732 2891 906 2936 praelentis
936 2885 1148 2921 clauduntur
1174 2894 1186 2922 3
1225 2887 1333 2921 relin-

428 2949 499 2983 quo
537 2938 604 2971 alia
642 2936 742 2981 plura
778 2935 920 2979 vestigia
955 2930 1214 2968 aedificiorum,
1256 2943 1333 2978 quae

427 2981 552 3030 passim
579 2993 636 3027 per
663 2980 787 3014 urbem
811 2981 957 3014 inventa
981 2983 1148 3022 apparent
1173 2996 1186 3014 ,
1207 2979 1328 3014 conti-⁴

427 3039 568 3068 nueque
595 3025 638 3059 ab
665 3023 913 3062 effodientibus
947 3023 1170 3067 reperiuntur
1199 3031 1209 3053 :
1238 3020 1333 3067 quod

427 3083 468 3105 ea
491 3093 503 3110 2
529 3083 604 3116 quae
630 3071 813 3105 retulimus
830 3092 841 3108 ‚
868 3068 946 3103 satis
970 3066 1050 3103 fidei
1075 3063 1232 3111 lucisque
1248 3079 1334 3113 prae-

1868 2246 2112 2293 Qamobrem
2142 2241 2294 2291 quadra*

1385 2303 1464 2332 tum
1495 2296 1584 2334 illud
1609 2305 1780 2338 magnum
1816 2303 1954 2339 aequum
1979 2293 2024 2328 est
2063 2292 2146 2328 huic
2173 2289 2294 2324 sexan-

1387 2343 1471 2390 gulo
1496 2368 1506 2376 .
1532 2344 1627 2376 Areae
1658 2343 1774 2385 itaque
1790 2341 1959 2379 Nolanae‚
1984 2350 2060 2384 quae
2080 2337 2123 2371 ad
2147 2333 2291 2382 quadri-⁹

1386 2391 1530 2424 lateram
1554 2386 1701 2434 speciem
1730 2384 1864 2419 redae&
1881 2383 1988 2419 fuerit
2009 2405 2021 2422 ‚
2051 2381 2208 2417 ambitus
2224 2390 2292 2413 orae

1386 2436 1454 2469 erit
1475 2433 1758 2477 offingentorum
1784 2442 1822 2465 ac
1869 2428 2091 2476 septuaginta
2132 2425 2293 2472 passuum

1385 2479 1456 2515 fere
1482 2505 1492 2523 .-
1529 2479 1731 2513 Diametrus
1755 2488 1838 2511 vero
1874 2484 2115 2510 trecentorum
2155 2475 2186 2506 &
2213 2469 2291 2504 osio

1388 2524 1489 2566 fere5
1525 2522 1664 2558 redafiiae
1700 2523 1846 2557 veroin
1885 2519 2035 2566 speciem
2068 2517 2293 2563 sexangulam

1384 2571 1454 2604 etit
1477 2568 1634 2608 ambitus
1657 2565 1942 2612 oSlingentorum
1976 2567 2110 2610 viginti
2125 2562 2180 2598 sex
2206 2571 2292 2594 cum

1383 2614 1541 2655 semiffe3
1567 2613 1758 2647 diametrus
1781 2623 1863 2646 vero
1895 2610 2130 2645 ducentorum
2153 2607 2292 2653 septua-

1384 2663 1483 2707 ginta
1510 2662 1666 2707 quinque
1691 2668 1773 2692 cum
1790 2655 1924 2691 'semisse
1949 2680 1959 2690 .
1987 2659 2076 2691 item
2104 2654 2128 2689 fi
2156 2652 2290 2688 circui-

1389 2716 1445 2741 tus
1469 2704 1661 2749 sexangulae
1688 2714 1771 2737 arete
1796 2701 1958 2737 reddatur
1982 2701 2076 2735 orbis
2092 2723 2103 2740 ‚
2124 2702 2193 2734 erit
2219 2697 2295 2737 ejus

1388 2752 1579 2788 diametrus
1612 2750 1728 2784 minor
1759 2747 1931 2783 diametro
1963 2744 2158 2790 sexangulae
2180 2767 2191 2777 .
2232 2740 2290 2776 Est

1387 2812 1424 2835 n.
1446 2799 1638 2833 diametrus
1673 2793 1829 2829 rotundae
1861 2806 1943 2828 areae
1971 2790 2209 2825 ducentorum
2240 2786 2292 2820 se-

1386 2846 1531 2890 xaginta
1554 2850 1705 2888 quatuor
1727 2839 1809 2884 pass.
1834 2837 1926 2873 fere.
1953 2841 2070 2883 Atque
2095 2836 2160 2870 *hac
2183 2834 2295 2868 ratio·-

1386 2891 1431 2925 'ne
1459 2900 1531 2923 non
1551 2887 1642 2923 arista
1668 2908 1679 2924 ,
1700 2884 1842 2918 brevive
1864 2906 1876 2923 ‚
1901 2881 1956 2918 sed
1987 2881 2130 2927 ampla,
2155 2882 2186 2914 &
2215 2888 2295 2912 tan-

1386 2947 1494 2981 quam
1522 2931 1644 2979 paffim
1656 2930 1824 2975 progressa
1837 2937 1974 2963 certam
1992 2926 2159 2961 diametri
2176 2935 2294 2970 quan-

1389 2984 1534 3016 titatem
1577 2977 1784 3012 invenimus
1825 2996 1837 3012 ‚
1878 2982 1981 3017 atque
2017 2970 2295 3016 comparabilem

1389 3037 1473 3060 cum
1495 3023 1667 3059 diametro
1689 3021 1842 3064 antiquae
1884 3019 1979 3052 urbis
2006 3030 2018 3058 3
2052 3014 2237 3062 oportebat
2255 3025 2294 3047 n-

1392 3072 1491 3105 urbis
1526 3066 1702 3116 praesentis
1728 3076 1840 3099 aream
1868 3075 1951 3100 cum
1976 3064 2129 3108 antiquae
2143 3056 2290 3095 embado

427 3116 513 3151 stare
552 3116 704 3151 facereve
733 3115 870 3159 possunt
906 3114 947 3148 ad
983 3110 1204 3148 ostendendas
1244 3113 1339 3147 anti-
1394 3123 1659 3161 comparaturos
1686 3112 1847 3144 invenire
1885 3109 2098 3152 diametrum
2137 3101 2295 3141 rotundae

429 3172 533 3209 quae,
558 3170 659 3208 atque
684 3158 858 3201 hodiernae
877 3161 973 3197 Nolae
998 3155 1130 3199 easdem
1144 3154 1234 3201 sedes
1255 3156 1331 3199 effe,

1394 3167 1487 3196 arere·
1507 3153 1811 3205 praesentis‚s1cuti
1833 3153 1965 3189 fastum
1994 3154 2039 3188 est
2055 3153 2233 3198 §primum
2258 3160 2294 3181 n.

1394 3206 1591 3250 redegimus
1615 3199 1789 3247 praesentis
1816 3200 1915 3234 urbis
1930 3210 2047 3234 aream
2065 3199 2103 3230 in
2128 3195 2196 3228 duo
2209 3203 2296 3240 qua-

1392 3250 1492 3285 drata
1527 3249 1674 3295 aequalia
1708 3248 1803 3280 inter
1833 3244 1862 3279 se
1887 3267 1899 3284 ‚
1939 3241 2087 3279 secundo
2120 3241 2191 3275 kaec
2226 3237 2297 3271 duo

1394 3295 1644 3336 conjunximus
1668 3293 1706 3329 in
1727 3302 1839 3325 unum
1872 3289 2080 3336 quadratum
2108 3294 2297 3328 magnum,

1384 3341 1503 3390 xtertis.)
1522 3349 1694 3385 magnum
1713 3337 1778 3373 hoc
1815 3334 1996 3374 divisimus
2029 3334 2070 3367 in
2098 3330 2302 3407 ιὶυοὶςυαρ

1583 3394 1585 3396 ·
2173 3385 2253 3414 tra:

2398 0 2404 229 ἶ
