2404 3882
69 158 380 341 (J‘A
485 231 617 334 B.
814 227 914 331 Β
1001 225 1098 331 Α
1184 228 1278 330 R
1365 229 1456 332 R
1542 231 1595 329 1
1683 156 1937 340 ums

307 433 1682 521 FRANCICANUS

221 632 346 676 DE
416 624 1780 681 ANTIQUITATE3ETSITU

730 748 1278 793 CALABRiAE,

301 892 393 950 Ad
424 896 851 959 BERNARMNvM
879 894 919 943 S
923 911 1432 953 ANCTOSEVERleM
1466 888 1709 959 &fidia-⁴

718 967 950 1037 nenstum
989 971 1308 1043 Principem.

612 1135 1390 1205 pROOEMIt-IM.

379 1493 384 1517 l

379 1519 383 1524 ·
417 1497 524 1545 tlum
564 1508 634 1536 ore
677 1496 924 1537 celebratum
954 1526 967 1546 ,

401 1267 495 1308 ΠΜ
512 1263 1066 1322 ego‚amp’iffimeprin-A&
1092 1278 1209 1306 amor
1236 1296 1247 1306 .
1274 1266 1423 1323 Itaque
1451 1279 1595 1309 omnes
1624 1268 1662 1308 &
1694 1268 1864 1314 Latinos
1892 1274 1929 1320 ἀ

356 1348 358 1350 -
407 1313 546 1379 ’ςερεζ
572 1327 698 1381 probe
717 1327 975 1373 scirem,&a
1037 1320 1200 1364 Graecos
1241 1325 1427 1366 auetores
1469 1326 1612 1366 diurna
1653 1326 1934 1384 nofflurnaque

290 1426 294 1428 ‚
318 1408 354 1427 --y
380 1390 385 1398 ⁶
420 1393 569 1422 natura
602 1384 834 1422 institutum
856 1381 933 1423 efle
961 1412 974 1432 ,

78 1481 81 1488 ,
119 1434 123 1448 ²
169 1428 209 1470 ‘2⁴‘
241 1428 293 1499 {2¹³¹
417 1438 456 1485 K&
496 1452 578 1479 uno
606 1442 791 1479 omnium
819 1440 971 1490 sapien-

1035 1381 1197 1420 versavi
1223 1393 1348 1422 manu
1366 1410 1377 1429 ‚
1403 1383 1603 1423 succisivis
1630 1392 1769 1424 tamen
1801 1390 1932 1438 operi-

1030 1434 1102 1475 bus
1127 1464 1138 1482 ,
1170 1447 1217 1476 ut
1244 1450 1411 1493 quaeque
1442 1450 1670 1480 memoratu
1699 1441 1932 1492 digniffima

1027 1491 1078 1530 ad
1105 1493 1564 1545 Calabram'regionem
1596 1501 1813 1539 attinentia
1845 1513 1932 1541 car-

303 1552 340 1570 -·
368 1569 377 1587 ,-
414 1563 502 1592 tum
523 1553 748 1594 multorum
771 1554 968 1605 exemplis
1027 1549 1132 1598 ptim
1152 1551 1463 1600 perscriberem.
1495 1554 1654 1602 Collegi
1679 1567 1817 1595 autem
1835 1559 1924 1609 plu-

398 1609 692 1654 confirn2atum
725 1622 738 1658 ‚-
777 1619 823 1648 ut
859 1610 965 1650 sum-
1025 1606 1128 1644 rima
1159 1610 1271 1646 omni
1295 1619 1416 1662 atque
1445 1612 1668 1650 immortali
1699 1612 1825 1654 laude
1869 1614 1930 1654 di-

64 1679 133 1706 mo
162 1680 235 1708 nos
263 1678 388 1718 opere
418 1669 558 1718 patria:
584 1666 839 1707 debeamus:
884 1679 959 1718 pro
1021 1672 1103 1712 gna
1123 1689 1136 1710 ,
1162 1674 1250 1714 qua·
1282 1668 1365 1704 fere
1380 1667 1537 1717 sepulta
1573 1667 1771 1712 jacebant.
1801 1671 1930 1724 Siqui-

62 1735 142 1776 qua
170 1725 194 1763 fi
226 1724 338 1764 nobis
364 1724 512 1775 ingrati
543 1726 664 1763 animi
697 1732 837 1763 notam
870 1727 959 1764 inu·
1017 1717 1114 1756 dem
1143 1731 1261 1765 eam,
1290 1731 1338 1760 ut
1368 1735 1577 1777 quamque
1596 1724 1767 1776 Europae
1796 1730 1930 1777 regio-

21 1780 26 1787 '
61 1783 96 1818 ri
122 1781 313 1820 nolumus
339 1808 350 1828 ,
381 1780 620 1832 sanguinem
648 1779 885 1829 effundere,
920 1780 1113 1834 &Bnern
1144 1777 1360 1827 Ausonum
1397 1783 1530 1833 primo
1574 1781 1830 1822 habitatione
1860 1795 1929 1823 ve·

61 1846 237 1876 mortem
252 1847 474 1890 oppetere,
506 1837 657 1877 nedum
685 1839 871 1889 quemvis
898 1836 959 1876 su-

62 1892 150 1932 bire
179 1892 359 1933 laborem
373 1896 579 1945 cogimur:
605 1894 707 1934 sedit
735 1897 872 1946 animo
897 1894 959 1933 ul-

61 1945 133 1987 τῑὸ
158 1954 295 1990 munia
323 1950 464 1998 obire,
492 1960 536 1989 ut
553 1954 681 1990 totius
716 1949 841 1991 Itaiiae
871 1951 959 1991 lau-

50 2004 132 2043 *des
162 2017 213 2045 ex
242 2007 423 2058 pluribus
465 2007 502 2046 ὅ(
534 2006 685 2047 Graccis
730 2006 765 2045 8(
795 2006 952 2059 Latinis

60 2060 292 2102 auum-ibus
322 2075 539 2115 excerpens
567 2093 578 2113 ,
611 2064 762 2115 librum
790 2066 842 2104 de
872 2069 957 2104 eius

61 2117 277 2165 laudibus,
311 2132 381 2159 nec
405 2132 485 2164 non
516 2133 588 2172 pro
614 2120 756 2171 lingua
790 2120 952 2170 Latina,

65 2173 102 2211 8(
133 2173 185 2212 de
213 2176 323 2215 urbis
351 2178 576 2218 {eternitate
602 2177 814 2217 scriberem
834 2207 843 2216 .
876 2177 954 2218 Ni·

1021 1831 1278 1873 tustiffimam
1308 1862 1320 1882 ,
1367 1836 1460 1875 inde
1491 1848 1591 1876 vero
1634 1838 1657 1877 ἐι
1702 1838 1929 1881 clariffimis

1019 1888 1256 1929 Graecorum
1287 1894 1533 1945 principibus
1568 1896 1810 1948 populisque
1838 1925 1849 1944 ‚
1893 1898 1930 1937 δε

1020 1957 1115 1985 ante
1146 1945 1182 1985 8<
1213 1948 1297 1999 post
1330 1946 1463 1998 Trojae
1494 1953 1628 1989 ruinas
1658 1951 1888 1993 habitatam
1916 1983 1928 2002 ‚

1018 2004 1159 2042 multis
1188 2006 1423 2045 nominibus
1455 2004 1477 2045 ἒι
1497 2006 1649 2047 Graecis
1676 2008 1761 2059 ipsis
1792 2012 1931 2061 appel-

1020 2060 1172 2107 latam,
1206 2065 1367 2112 magnis
1388 2063 1545 2114 insuper
1577 2063 1598 2102 a
1619 2063 1771 2104 Graecis
1801 2065 1931 2106 &La-

1016 2119 1111 2155 tinis
1142 2117 1364 2174 scriptorib.
1409 2119 1599 2159 laudibus
1645 2121 1926 2172 celebratam,

1014 2185 1183 2225 magna5
1213 2185 1400 2225 praeterea
1434 2189 1479 2216 ac
1509 2187 1695 2228 potentes
1724 2180 1761 2216 in
1787 2191 1833 2224 ea
1862 2194 1928 2220 ur-

59 2233 213 2268 mirum
244 2232 396 2270 Latinae
426 2232 569 2285 linguae
594 2233 748 2280 horim,
780 2234 815 2273 δε
842 2235 952 2274 urbis
1011 2230 1080 2269 bes
1113 2230 1250 2279 furffe,
1281 2245 1454 2285 eamque
1483 2235 1814 2286 quamplurimos
1843 2265 1854 2284 ‚
1886 2237 1922 2277 ὃ(

62 2288 148 2325 laus
176 2288 226 2327 ad
256 2287 382 2340 Italiae
410 2288 582 2339 gloriam
612 2293 814 2340 attinent,
841 2286 994 2345 (111de
1010 2298 1076 2326 eos
1104 2287 1440 2338 praestantiffimos
1473 2293 1581 2328 viros
1623 2301 1668 2329 ac
1698 2293 1921 2340 mulieres,

59 2342 227 2382 Latium
253 2372 263 2391 ,
297 2343 321 2384 a
351 2356 433 2392 quo
462 2346 526 2384 illa
554 2346 658 2385 diista
689 2374 702 2393 ,
738 2346 773 2384 &
804 2351 840 2386 in
868 2360 952 2400 quo

59 2399 155 2438 urbs
184 2401 237 2439 est
256 2429 266 2447 ‚
296 2404 333 2439 in
360 2400 479 2440 Italia
509 2404 576 2442 iit.
604 2402 706 2442 Inde
736 2413 836 2443 vero
868 2405 949 2443 Ca·

60 2455 194 2509 labria:
227 2457 366 2508 laudes
396 2486 407 2505 ‚
444 2470 529 2511 quse
557 2459 698 2499 itidem
747 2459 798 2498 ad
829 2459 954 2500 Italia:

58 2513 232 2563 gloriam
250 2517 458 2565 pertinent
472 2543 483 2562 ,
502 2517 693 2566 colligere
709 2545 720 2563 ,
752 2515 786 2567 δ(
808 2518 952 2559 librum

56 2567 259 2621 de⁰ipfius
305 2572 578 2623 antiquitate,
611 2571 648 2611 &
680 2573 750 2612 fitu
780 2573 951 2614 scribere

59 2625 157 2664 mihi
187 2638 351 2667 certum
384 2627 487 2667 fuit.-
514 2642 599 2683 quo
626 2633 757 2680 pttria
774 2631 951 2671 charita-

59 2692 102 2721 te
130 2680 316 2734 devietus
356 2684 523 2735 pensum
556 2697 698 2725 meum
748 2699 820 2737 pro
848 2689 955 2727 virili

58 2749 176 2788 parte
206 2739 361 2780 solvens
403 2745 558 2783 meritis
598 2756 686 2783 eam
720 2744 955 2785 illustrarem

1012 2345 1137 2381 variis
1162 2343 1231 2382 dis
1246 2346 1376 2396 ipiinss
1393 2345 1578 2385 eruditos
1610 2378 1618 2391 ‚
1646 2347 1792 2398 utpote
1822 2349 1927 2388 Poe·

1009 2409 1100 2444 tas,
1132 2398 1165 2436 8(
1191 2399 1487 2454 philosophos,
1519 2401 1554 2439 &
1586 2400 1921 2453 Mathematicos‚

1021 2453 1273 2497 &Medicos
1299 2486 1311 2506 ,
1343 2459 1377 2495 &
1409 2460 1661 2512 legislatores
1690 2485 1700 2504 ‚
1741 2460 1776 2499 ἃ
1808 2463 1923 2502 musi-

1011 2523 1078 2551 cos
1106 2540 1117 2560 ‚
1145 2514 1403 2567 aliarumque
1432 2528 1565 2554 rerum
1595 2515 1809 2568 scriptores
1829 2547 1838 2567 ,
1856 2520 1914 2558 'ac

1011 2569 1236 2609 multarum
1273 2582 1407 2611 rerum
1432 2575 1666 2623 inventores
1694 2602 1706 2621 ‚
1737 2585 1823 2613 turn
1859 2577 1920 2614 in·

1011 2628 1193 2677 geniosos
1222 2629 1400 2668 artifices
1427 2657 1437 2674 ‚
1474 2640 1549 2667 nec
1582 2642 1659 2669 non
1707 2643 1735 2667 r<
1755 2631 1922 2670 bustiffi-

1015 2693 1101 2721 mos
1131 2684 1306 2734 athletas
1336 2714 1348 2733 ‚
1378 2685 1578 2738 ducestpie
1608 2685 1774 2725 edidiffe
1807 2699 1921 2737 repe-

1013 2741 1072 2777 rio
1102 2768 1111 2777 .
1143 2740 1261 2783 Adde
1299 2743 1408 2793 quod
1445 2739 1466 2780 ἐι
1499 2743 1694 2782 Romanis
1736 2745 1917 2784 coloniis

59 2791 253 2849 laudibus‘
280 2811 291 2848 ς
330 2799 558 2851 quinetiam
585 2812 676 2841 eam
706 2811 776 2851 per
808 2801 846 2839 se
875 2790 998 2853 pri.D
1012 2798 1134 2834 etiam
1165 2795 1201 2836 &
1236 2799 1469 2850 municipali
1496 2798 1609 2847 jure:
1637 2812 1725 2838 tum
1754 2801 1919 2840 Civita-

60 2862 174 2889 mum
200 2864 251 2903 ex
279 2857 440 2905 nomine
474 2855 555 2906 ipso
583 2884 595 2904 ,
633 2856 726 2896 inde
755 2855 857 2895 vero
883 2871 954 2910 po-

61 2905 141 2944 stca
171 2907 406 2964 aplerisque
430 2913 621 2960 gravibus
650 2912 879 2952 auetoribus
908 2915 953 2954 il-

59 2962 272 3013 lustratam
286 2968 551 3008 ostenderem.
585 2969 792 3019 Caeterum
810 2981 959 3022 nequa-

60 3030 189 3071 quam
216 3021 397 3071 legentes
431 3024 471 3063 id
502 3025 642 3065 fuaere
667 3026 817 3073 velim,
846 3028 956 3078 quod

59 3080 192 3115 movit
220 3090 384 3131 quoque
417 3092 482 3120 me
513 3082 686 3130 scilicet,
718 3093 763 3121 ut
793 3083 955 3134 prolin-

61 3144 139 3184 gua
173 3133 317 3172 Latina
360 3136 395 3182 &
432 3138 483 3177 cle
513 3143 739 3187 aeternitate
769 3139 878 3177 urbis
920 3139 956 3180 &

60 3188 113 3228 de
144 3188 268 3229 Italiae
299 3192 482 3245 laudibus
509 3222 519 3239 ‚
559 3207 603 3233 ac
628 3195 678 3233 de
704 3198 953 3245 antiquitate

61 3243 98 3291 ἃ
123 3247 195 3284 situ
228 3246 427 3287 Calabriae
454 3250 664 3289 scriberem
682 3279 693 3297 ‚
726 3256 956 3291 communis

57 3306 243 3342 omnium
273 3304 539 3344 studiosorum
581 3307 735 3345 utilitas
781 3307 817 3345 δ(
847 3308 958 3347 dele-

59 3357 178 3407 §tatio
208 3388 221 3409 ,
263 3373 341 3400 non
375 3370 538 3401 tantum
582 3365 720 3413 patrias
756 3363 956 3412 charitas,

1012 2861 1053 2890 te
1082 2853 1271 2894 Romana
1314 2854 1522 2894 honestata
1556 2854 1634 2895 fuit
1681 2855 1715 2894 &
1745 2869 1917 2899 exorna-

1013 2918 1053 2946 ta
1072 2937 1081 2946 .
1114 2908 1205 2950 Nec
1234 2912 1378 2951 desunt
1404 2914 1438 2951 ei
1472 2912 1694 2952 saneuffimi
1724 2917 1802 2962 viri
1833 2943 1844 2962 ,
1874 2928 1920 2956 ae

1018 2965 1233 3016 mulieres,
1266 2980 1365 3021 quos
1397 2968 1476 3018 ipfil
1494 2971 1652 3022 peperit
1682 2973 1803 3023 regio,
1831 2971 1918 3011 Cte—

1015 3030 1153 3060 terum
1183 3024 1336 3079 nequid
1380 3024 1508 3063 laudis
1548 3024 1703 3077 regioni
1735 3028 1917 3078 deesset,

1014 3089 1104 3117 eam
1134 3083 1374 3121 minutatim
1398 3108 1409 3128 ,
1439 3093 1483 3120 ac
1514 3082 1719 3131 seriatim,
1749 3096 1794 3123 ac
1821 3097 1917 3130 eun-

1016 3133 1077 3172 &a
1091 3147 1178 3187 quae
1205 3142 1244 3177 in
1260 3150 1305 3177 ea
1321 3140 1572 3188 gignuntur,
1604 3139 1794 3180 accurate
1819 3143 1913 3181 stri·

1013 3191 1107 3242 bere
1148 3195 1264 3234 libuit
1294 3223 1303 3231 .
1349 3190 1474 3232 Nova
1511 3197 1720 3248 veteribus
1759 3196 1912 3248 junxi,

1017 3259 1158 3288 vetera
1193 3253 1377 3301 locorum
1413 3254 1576 3290 nomina
1606 3280 1618 3300 ‚
1658 3256 1794 3305 quoad
1826 3255 1914 3294 fieri

1015 3308 1178 3354 potuit,
1207 3307 1406 3358 vestigavi
1426 3335 1436 3351 ,
1469 3319 1515 3347 ut
1545 3319 1650 3360 opus
1684 3312 1911 3351 absolutius

1014 3360 1111 3411 ellet
1152 3389 1163 3408 ‚
1203 3362 1239 3404 δε
1274 3361 1510 3405 'Calabrum
1553 3378 1700 3409 nomen
1735 3367 1842 3420 apud
1868 3381 1912 3406 0-

1741 3434 1857 3464 mnes
