2404 3882
139 309 221 353 637

403 301 496 344 DE
535 302 762 345 VILLA·
808 298 1249 345 LAURENTII
1291 299 1574 344 VALLAE.

1752 309 1832 356 638

84 391 183 437 pulos
207 389 306 424 d‘oe’ta
333 389 394 426 illa
414 412 428 429 ,
464 402 540 472 Ἁυε
565 401 677 433 nuper
712 390 783 437 ipse
806 391 934 428 fecerat
946 387 1220 432 ‚Ainacceffum
1236 410 1248 428 ‚
1272 391 1490 424 &inviumz
1516 391 1664 435 planum
1690 392 1795 427 habet
1811 396 1892 437 qui:

449 451 466 473 e

82 434 275 471 carmina?
305 437 339 470 Ο
365 436 426 470 ubi

82 482 165 516 nes?
188 481 344 516 occurrit
366 481 458 518 mihi
485 479 568 527 saepe
581 481 699 526 imago
721 483 817 518 illius
832 483 951 527 agelli.

171 527 204 560 Is
241 525 286 560 est
317 527 403 561 villa
439 527 544 562 nostri
572 527 684 562 Vallae
706 550 718 567 ‚
759 530 798 562 in
832 529 950 573 aprica

82 571 176 608 valle
196 569 258 606 fita
283 594 296 609 ,
336 571 379 605 ad
402 581 562 606 montem
588 569 690 606 affixa
714 594 725 611 ,
749 572 805 607 seu
831 574 949 619 potius

71 614 249 666 offensa.
274 617 374 651 Villa
395 615 553 652 difficilis
577 615 623 650 est
651 616 772 655 aditu,
797 615 816 652 ὲ
847 626 949 652 mon·

80 673 115 699 te
137 672 210 698 non
231 668 328 707 potes
350 660 420 696 line
445 661 602 707 periculo
627 659 829 697 descendere
855 684 865 700 ,
892 665 948 696 ni-

81 708 106 746 fi
129 716 193 742 aut
213 708 366 741 volutari
381 728 392 746 ,
415 716 476 741 aut
493 706 668 742 turbinati
683 709 790 742 velis.
821 712 849 742 Α
871 718 947 741 rna-

82 755 112 790 ri
134 760 313 799 praeruptae
345 763 446 799 rupes
471 751 550 786 (unt
574 773 585 790 ,
624 750 872 787 inacceffibilis
901 752 946 787 est

79 800 203 836 iocus,
227 799 335 833 etiam
358 797 438 839 ipfis
453 798 595 832 Piratis.
620 795 867 832 Occulti-sunt
895 806 946 832 ta-

80 854 162 881 men
188 864 201 881 ,
235 844 266 876 δι
293 844 486 889 praecipites
518 843 621 876 calles
643 864 654 880 ,
692 854 778 888 quos
800 852 943 878 tantum

516 437 575 470 ille
599 436 742 471 villicus
770 439 954 482 Mergelli-
1009 436 1113 473 dem,
1137 432 1189 468 sed
1216 437 1278 481 qui
1304 433 1389 470 duos
1417 436 1511 470 viros
1534 435 1576 471 ad
1590 435 1890 473 deambulandum

1009 483 1071 516 vix
1085 478 1231 525 recipiat
1245 501 1255 512 ι

1098 525 1199 559 Villa
1226 528 1266 560 in
1290 527 1457 562 Austrum
1483 525 1610 565 versa,
1634 525 1739 563 solem
1767 530 1894 562 Orien-

1007 582 1079 608 tem
1111 573 1243 617 accipit
1270 595 1279 604 .
1328 573 1446 607 Prima
1479 572 1650 608 villarum
1685 572 1889 619 prodromos

1007 615 1227 654 Ethefiarum
1249 617 1351 653 flatus
1375 640 1386 656 ,
1427 628 1488 653 aut
1511 619 1660 664 Tropaeo
1687 617 1851 652 admittit
1870 640 1882 656 ,

1004 663 1066 698 ubi
1103 665 1235 707 Apogei
1283 661 1415 710 semper
1451 663 1554 698 silent
1577 688 1586 697 .
1622 666 1738 699 {kima
1779 660 1887 696 sentit

1004 719 1128 743 vernos
1155 708 1331 754 Zephyros
1360 731 1371 746 ,
1399 708 1564 755 limpidos
1593 732 1604 749 ,
1645 721 1682 743 ac
1710 716 1890 746 recentes,

1003 765 1044 788 ut
1069 752 1086 786 ὲ
1111 755 1199 787 mari
1225 752 1420 799 prodeunt,
1452 765 1515 790 nec
1531 755 1630 790 urbis
1647 752 1760 790 'crasso
1784 765 1859 786 aere
1877 774 1887 791 ,

1005 803 1035 834 8(
1064 797 1245 833 nidoribus
1272 800 1440 833 vitiatos.
1466 802 1583 834 Tanta
1611 799 1676 835 soli
1704 797 1883 834 soecundi-

1004 854 1055 880 tas
1079 866 1091 883 ,
1125 845 1275 891 coelique
1303 847 1488 890 temperies
1512 846 1555 880 est
1581 869 1592 885 ,
1631 856 1671 881 ut
1696 856 1801 882 nemo
1831 844 1883 878 ibi

78 888 203 926 furax,
227 891 257 922 δε
277 887 480 924 famelicum
493 886 681 923 hominum
703 899 812 933 genus
837 886 987 941 pisca-B
1003 901 1160 936 unquam
1185 892 1358 925 moriatur
1387 909 1398 928 ‚
1435 894 1608 938 quoniam
1635 892 1689 926 ibi
1718 890 1882 926 habitare

81 944 173 971 tores
189 943 362 968 noverunt
375 958 385 966 .

165 977 261 1013 Infra
281 979 404 1013 villam
432 977 523 1014 finus
543 978 611 1017 est,
637 991 744 1026 quem
768 977 839 1014 duo
853 990 953 1014 acro·

81 1026 170 1059 teria
193 1022 331 1058 faciunt
353 1049 362 1057 .
399 1026 516 1059 Tanta
539 1024 584 1059 est
611 1045 622 1063 ,
650 1035 691 1059 ut
720 1023 810 1059 reete
834 1025 949 1059 dicero

81 1068 247 1116 poffimus
264 1092 275 1108 ,
302 1080 379 1104 eam
403 1071 466 1103 vix
489 1070 696 1116 ampliorem
716 1069 780 1106 effe
804 1070 948 1117 epistola

82 1116 277 1154 Laconica,
304 1117 336 1149 se
359 1113 448 1148 iliud
471 1118 601 1155 Poetae,

169 1159 234 1195 sea
258 1171 317 1194 rus
339 1159 381 1204 est
399 1159 485 1194 mibi
509 1158 621 1201 majus
637 1164 676 1196 in
684 1160 848 1206 fenestra.

80 1204 249 1240 Ambitus
272 1207 385 1240 totius
407 1203 499 1240 finus
523 1206 567 1240 ab
599 1207 708 1240 altero
731 1208 770 1240 in
795 1206 947 1242 alterum

79 1253 366 1296 promontorium
403 1253 508 1285 unius
540 1249 637 1285 stadii
662 1251 707 1286 est
735 1271 748 1290 ,
786 1247 840 1285 sed
874 1263 950 1286 non

81 1294 175 1342 quod
190 1297 359 1330 Hercules
370 1294 460 1342 apud
483 1295 570 1331 Pisas
605 1295 743 1331 mensus
771 1295 816 1330 est
841 1317 852 1335 ,
891 1295 950 1331 sed

81 1350 257 1384 quantum
268 1352 354 1386 ego,
379 1343 440 1388 qui
465 1340 556 1376 obesi
569 1339 644 1376 sum
666 1342 849 1383 corporis,
875 1353 948 1377 uno

83 1386 210 1433 spiritu
229 1389 340 1421 citato
359 1384 472 1432 ’gradu
495 1386 700 1433 pertransire
722 1385 848 1431 poffim
865 1413 873 1421 .

172 1433 275 1466 Sinus
294 1433 491 1478 emporium
514 1432 559 1466 est
583 1433 795 1478 pileatorum
817 1454 829 1471 ,
856 1434 952 1479 capit

80 1475 231 1513 biremes
259 1476 389 1523 septem
416 1498 428 1515 ‚
466 1477 615 1513 biremes
654 1487 773 1512 tamen
806 1478 948 1516 avidas,

80 1531 156 1557 non
179 1534 235 1557 eas
262 1543 275 1561 ,
300 1534 376 1569 quae
402 1524 440 1556 in
467 1522 611 1569 singulis
638 1522 793 1556 transtris
821 1522 950 1558 binum

1011 947 1115 971 nemo
1141 935 1247 980 potest
1262 960 1272 970 .

1101 982 1222 1026 Nuper
1242 992 1352 1027 quum
1374 982 1537 1018 villicum
1569 984 1672 1018 Valla
1703 979 1895 1018 conducere

1014 1026 1121 1060 vellet
1146 1045 1158 1063 2
1185 1027 1234 1061 hae
1253 1028 1477 1062 conditiones
1502 1031 1598 1064 ultro
1624 1032 1784 1074 citroque
1809 1025 1895 1057 ἀπὲκ

1011 1070 1094 1105 sunt
1122 1093 1133 1103 .
1167 1072 1322 1106 Villicus
1346 1094 1357 1111 ,
1398 1074 1589 1121 villicaque
1632 1086 1706 1109 rem
1732 1071 1896 1108 rusticam

1010 1114 1140 1161 probe,
1165 1126 1205 1149 ac
1219 1116 1353 1152 strenue
1368 1127 1505 1162 agunto
1518 1145 1526 1152 .
1555 1122 1750 1156 Dominum
1766 1124 1896 1163 quam-

1008 1161 1063 1194 vis
1089 1162 1215 1195 mitem
1240 1161 1484 1207 mansuetique
1510 1167 1646 1209 ingenii
1676 1187 1686 1204 ,
1712 1166 1889 1197 timent02

1008 1214 1312 1252 venerantotque.
1339 1209 1468 1251 Fruges
1490 1208 1650 1245 servanto
1670 1235 1678 1245 .
1709 1213 1816 1243 Arma
1830 1214 1894 1239 ru-

1007 1248 1186 1297 sticalsuis
1209 1251 1318 1291 locis,
1343 1250 1402 1288 suo
1431 1264 1471 1288 ue
1496 1254 1617 1290 ordine
1642 1253 1894 1301 disponunto·

1007 1297 1113 1332 Dolia
1139 1306 1224 1330 cum
1248 1295 1361 1331 bonus
1384 1264 1430 1334 ea
1457 1301 1721 1336 vindemiarum
1747 1306 1895 1344 proven-

1006 1351 1062 1377 tus
1083 1340 1222 1387 optime
1247 1339 1437 1379 secundum
1459 1345 1577 1391 legem
1594 1348 1738 1392 picanto
1754 1369 1763 1378 .
1790 1342 1893 1375 Men-

1007 1387 1056 1422 sas
1075 1409 1086 1427 ,
1111 1385 1192 1421 vasa
1207 1409 1218 1425 ,
1243 1385 1542 1436 supellefflliaque
1569 1393 1690 1426 omnia
1713 1387 1892 1424 fideliter,

1009 1444 1046 1468 ac
1074 1431 1205 1467 munde
1231 1450 1248 1471 ς
1286 1441 1326 1467 ut
1347 1433 1484 1470 bonum
1510 1437 1626 1472 virum
1650 1457 1664 1476 ,
1693 1435 1894 1477 bonamque

1008 1478 1194 1513 mulierem
1207 1477 1330 1516 decet,
1354 1480 1602 1517 custodiunto.
1630 1485 1715 1517 Rem
1730 1478 1893 1513 divinam

1017 1522 1141 1557 diebus
1169 1520 1311 1558 tantum
1335 1522 1449 1565 festis,
1474 1537 1515 1561 ut
1541 1528 1654 1562 caeteri
1681 1525 1766 1560 boni
1791 1522 1889 1556 colo·-

80 1568 216 1603 habent
229 1576 406 1603 remorum
420 1568 605 1607 ordinem,
631 1568 683 1602 led
699 1579 773 1612 quae
797 1580 839 1603 ex
862 1579 957 1602 utra-
1015 1571 1053 1603 ni
1070 1591 1081 1607 ,
1105 1567 1266 1603 faciunto
1287 1594 1298 1603 .
1338 1572 1430 1604 Aves
1450 1595 1461 1612 ‚
1484 1582 1602 1607 mures
1617 1595 1628 1611 ‚
1653 1583 1692 1606 ac
1715 1569 1812 1605 fures
1842 1578 1895 1600 ar-

108 1623 151 1647 ue
176 1621 273 1658 parte
299 1611 453 1658 fingulos
479 1613 631 1648 habeant
656 1624 769 1648 remos
795 1625 806 1647 z
847 1614 952 1660 posses
1010 1623 1118 1648 cento
1152 1638 1161 1647 .
1198 1615 1389 1650 Neminem
1427 1617 1557 1659 injussu
1591 1617 1727 1653 domini
1765 1612 1895 1647 villam

81 1624 107 1695 a
124 1659 230 1693 velles
252 1660 376 1693 lintres
402 1658 573 1706 appellare
587 1684 596 1692 .
1013 1657 1149 1704 ingredi
1171 1659 1317 1694 linunto
1331 1685 1340 1694 .
1365 1661 1572 1708 Contraque
1588 1665 1692 1698 Valla
1710 1659 1892 1695 Medicum

171 1704 278 1738 Villae
302 1705 458 1738 maxima
483 1703 669 1749 longitudo
700 1702 719 1738 ὲ
743 1712 952 1750 promonto-
1010 1705 1261 1750 Chirurgicum
1276 1704 1489 1746 conducite,
1515 1717 1556 1742 ut
1581 1707 1710 1754 siquod
1735 1716 1778 1739 ex
1804 1713 1891 1748 prte-

81 1753 135 1788 rio
159 1751 196 1784 in
220 1751 505 1794 promontorium
529 1750 574 1784 en
597 1762 608 1783 z
634 1749 790 1784 latitudo
813 1760 951 1796 quanta
1010 1751 1139 1795 cipitio
1163 1748 1361 1785 membrum
1387 1752 1550 1787 luxatum
1576 1752 1685 1788 fuerit
1701 1774 1713 1791 ,
1739 1759 1799 1784 aut
1822 1747 1896 1782 fra-

81 1795 194 1842 ipsum
215 1794 360 1830 vanam
389 1794 624 1830 dormientem
660 1805 782 1840 capere
821 1793 948 1839 poffit,
1006 1796 1101 1831 etum
1117 1796 1266 1833 villico,
1293 1806 1352 1830 aut
1369 1797 1497 1832 villicae
1514 1820 1524 1837 ,
1550 1809 1609 1832 aut
1637 1801 1752 1832 oneris
1767 1818 1778 1835 ,
1804 1793 1893 1828 Val-

82 1841 153 1886 (est
174 1842 272 1874 enim
296 1837 590 1885 pinguiusculus)
638 1852 752 1888 neque
785 1842 850 1876 hoc
877 1839 949 1876 fine
1006 1841 1039 1875 la
1065 1839 1237 1887 impensas
1251 1853 1373 1876 omnes
1399 1833 1667 1881 administrato,
1692 1849 1889 1886 curatoque

81 1886 261 1931 periculo.
297 1886 388 1921 Nam
416 1883 441 1919 fi
463 1887 626 1920 incautus
649 1888 743 1920 inter
767 1885 945 1921 dormien-
1006 1896 1048 1921 ut
1072 1886 1159 1921 bene
1183 1888 1224 1920 fit
1251 1888 1401 1926 villice,
1427 1890 1558 1923 villicae
1587 1901 1625 1923 ac
1641 1890 1780 1935 pueris.
1808 1889 1893 1918 Prae-

81 1931 167 1967 dum
191 1927 222 1964 se
245 1932 282 1966 in
304 1931 454 1965 alterum
479 1930 571 1964 latus
592 1932 766 1970 voluerit,
797 1930 860 1967 nili
887 1943 944 1978 ag·
1012 1944 1104 1968 terea
1140 1932 1243 1966 Valla
1277 1931 1381 1966 funes
1417 1936 1527 1968 emito
1554 1957 1565 1973 ,
1601 1933 1728 1980 quibus
1774 1930 1896 1965 villica

81 1988 199 2025 geres,
225 1984 287 2010 aut
317 1976 480 2023 repagula
502 1976 570 2012 fint
596 1999 607 2017 ,
634 1978 739 2013 Valla
760 1976 852 2024 apud
884 1980 953 2014 Ne·
1011 1989 1134 2025 pueros
1158 1975 1234 2011 suos
1260 1977 1392 2012 medios
1415 1980 1521 2023 ligare
1537 2001 1547 2017 ,
1573 1988 1612 2013 ut
1629 1978 1798 2026 porcellos
1816 1973 1894 2020 pos-

18 3234 19 3237 ,
78 3204 173 3236 Rima
198 3223 208 3233 .

83 2024 239 2066 ptunum‘
267 2021 360 2055 Deus
380 2020 477 2057 fieret
493 2048 502 2056 .

172 2066 271 2100 Villa
287 2066 428 2112 quando
451 2067 563 2103 bonus
586 2070 632 2105 est
663 2080 855 2114 proventus
881 2073 946 2106 tri-

83 2115 170 2151 tici,
195 2110 387 2146 semodium
409 2110 477 2148 fert
499 2126 508 2148 ;
533 2117 628 2151 itaut
650 2117 761 2153 Vallae
785 2128 857 2151 una
882 2129 944 2163 pro

80 2161 205 2195 horreo
224 2155 326 2202 poffit
349 2158 412 2194 esse
434 2159 618 2195 cucurbita
635 2188 644 2198 .
685 2164 803 2201 Vini,
830 2173 944 2208 quan-

82 2213 159 2240 tum
178 2204 336 2238 conviva
357 2225 369 2242 ‚
396 2205 457 2247 qui
485 2215 557 2240 non
578 2205 649 2243 sint
673 2209 782 2242 nimis
805 2207 947 2242 combi-

81 2250 188 2285 bonee
201 2270 212 2287 ,
238 2259 348 2299 neque
373 2246 533 2294 superent
545 2261 734 2289 numerum
749 2252 943 2292 Musarum,

81 2304 156 2330 uno
178 2292 347 2341 sympono
371 2293 547 2330 absumere
574 2298 725 2341 poffint.

173 2338 275 2375 Rosas
301 2359 314 2377 ‚
346 2340 458 2374 violas
481 2363 494 2381 ,
528 2342 713 2390 jacynthos
733 2367 745 2385 ,
771 2343 947 2383 narcisos,

84 2385 305 2433 amai-anthes
319 2405 330 2422 ²
357 2388 388 2419 ὅ(
407 2389 526 2422 omnis
544 2392 681 2433 generis
703 2389 805 2427 flores
834 2389 952 2425 odora-

85 2440 138 2468 tos
158 2432 275 2475 gignit
298 2454 308 2464 .
340 2429 403 2465 Sed
430 2441 528 2468 tanta
552 2443 594 2469 co
621 2436 656 2469 ia*
679 2435 752 2475 est,
775 2444 816 2470 ut
837 2446 952 2481 neque

15 2478 45 2522 J
83 2480 148 2514 nni
177 2484 284 2522 puero
317 2474 361 2510 ad
383 2477 555 2513 corollam
602 2482 668 2516 atis
703 2480 772 2516 sint
797 2502 809 2520 ‚
842 2492 953 2526 neque

83 2522 200 2559 medio
225 2529 330 2566 apum
343 2525 499 2558 examini
523 2523 566 2558 ad
593 2524 787 2572 pabulum.
813 2527 953 2560 fruetus

83 2565 351 2615 praestantissimi
369 2565 498 2614 saporis
518 2591 530 2608 ,
565 2567 621 2605 sed
640 2574 702 2617 qui
730 2583 800 2607 una
825 2571 955 2605 cistella

82 2611 187 2648 condi
225 2610 353 2657 poffint
379 2635 390 2646 .
425 2615 520 2649 uvas
545 2617 649 2660 passas
686 2625 759 2652 non
783 2615 956 2652 ablimiles

81 2656 237 2695 Mafficis
264 2659 334 2691 tuis
359 2670 370 2691 ι
409 2667 577 2705 tantaque
601 2663 646 2697 est
673 2660 836 2698 feracitas
858 2661 955 2696 beati

82 2705 172 2739 ruris
190 2723 203 2741 ,
240 2710 279 2736 ut
304 2713 485 2752 nunquam
507 2709 653 2753 impleat
678 2707 733 2742 sex
759 2707 956 2744 convolvu-

80 2750 116 2784 la
142 2763 154 2786 ·,
190 2746 250 2802 seu
277 2749 461 2784 involucra
491 2750 727 2788 ficulneorum
762 2752 953 2791 foliorum,

83 2793 212 2842 quibus
238 2802 256 2826 e
281 2795 461 2830 montibus
488 2796 670 2840 Mafficis,
694 2799 759 2834 hoc
784 2799 856 2837 est,
882 2801 955 2832 avi-

82 2847 118 2874 ta
142 2846 352 2883 proavorum
379 2848 521 2877 tuorum
545 2845 682 2879 ditione
707 2842 870 2879 deferunt
911 2844 956 2878 il·

80 2886 131 2920 las
157 2882 371 2918 suavissimas
389 2896 473 2921 uvas
495 2888 601 2934 passas
621 2911 633 2927 ‚
657 2901 744 2932 quas
767 2889 852 2935 saepe
885 2891 954 2924 mi—

83 2930 120 2964 hi
142 2930 179 2962 in
199 2927 356 2965 secundis
391 2934 515 2970 menfis
538 2928 667 2969 servuli
693 2937 747 2970 tui
776 2934 952 2981 apposue-

81 2984 186 3011 tunt.

174 3018 269 3074 Ififra
299 3026 424 3060 villam
459 3026 607 3073 antiqua
645 3026 725 3063 sunt
759 3028 944 3062 excavatis

82 3065 265 3102 montibus
299 3071 434 3106 vivaria
456 3094 466 3103 .
503 3074 563 3107 Sed
589 3072 674 3108 ade-b
708 3073 870 3107 exhausta
897 3084 940 3107 ex

80 3112 148 3146 illo
167 3120 321 3156 tempore
350 3116 427 3149 sunt
449 3120 582 3156 maria,
608 3128 648 3154 ut
668 3121 729 3154 vix
756 3129 868 3152 unum
893 3116 943 3152 se-

81 3166 163 3191 nem
189 3157 317 3200 plscem
342 3162 500 3195 invenias
514 3186 523 3195 .
544 3164 733 3211 juniorum
755 3164 855 3199 turba
872 3175 946 3199 ma-

242 3204 404 3240 Pisciculi
430 3208 564 3243 minuti
589 3212 777 3257 quingenti
806 3211 866 3243 vix
895 3211 940 3243 li-

82 3246 151 3282 brae
178 3248 314 3293 pondus
349 3250 488 3285 faciunt
512 3278 522 3287 .
561 3255 635 3288 Nec
665 3255 806 3289 dubitat
830 3255 943 3290 noster

85 3293 190 3327 Valla
206 3315 217 3333 ,
241 3297 334 3331 inter
360 3296 454 3330 villae
477 3294 542 3332 suae
570 3309 684 3334 cetera
705 3300 797 3334 bona
829 3322 841 3340 ‚
864 3312 953 3346 quo-

79 3336 172 3371 ‘tidie
193 3338 295 3374 nobis
317 3343 477 3387 polliceri
501 3352 646 3379 tantum
671 3344 844 3392 piscium,
871 3355 948 3388 tanf

83 3391 231 3430 tumque
245 3387 452 3430 cymbarum
466 3412 475 3420 .

175 3432 284 3467 foelix
311 3435 393 3467 villa
416 3452 427 3472 ,
466 3443 559 3467 mare
593 3435 698 3471 habet
727 3438 951 3482 proximum,

82 3472 141 3509 sed
168 3479 249 3522 quia
275 3489 344 3513 non
370 3479 440 3514 fine
468 3481 623 3525 periculo
650 3482 852 3516 descendere
886 3493 949 3527 po-

85 3527 158 3559 tes,
185 3524 456 3560 remotissimum
486 3537 495 3558 t
534 3537 692 3564 montem
718 3528 891 3567 arduum,
917 3529 948 3561 &

1007 2025 1074 2060 iit.
1098 2026 1129 2058 Is
1153 2024 1249 2058 enim
1272 2035 1347 2057 mos
1375 2025 1419 2059 est
1447 2024 1536 2070 apud
1554 2025 1733 2062 Thurios,
1761 2033 1798 2056 ac
1813 2021 1891 2055 Ma-

1003 2080 1141 2105 teranos
1165 2090 1176 2107 2
1214 2071 1275 2114 qui
1315 2071 1352 2102 in
1387 2072 1592 2115 praecipitiis
1619 2093 1630 2108 ‚
1664 2073 1694 2104 St
1725 2069 1886 2103 cavernis

1001 2118 1184 2151 montium
1217 2138 1229 2155 ,
1268 2124 1308 2149 ut
1350 2115 1564 2161 Trogloditae
1600 2119 1713 2150 vitam
1747 2121 1885 2160 agunt.

1001 2162 1193 2208 Multaeque
1226 2157 1468 2202 hujuscemodi
1501 2160 1636 2204 adjefftae
1658 2159 1737 2196 sunt
1763 2158 1884 2193 condi-

1001 2209 1118 2243 tiones
1136 2233 1146 2242 .

1099 2254 1285 2301 Multaque
1309 2262 1471 2296 praeterea
1497 2252 1575 2289 sunt
1603 2252 1749 2291 feracis,
1775 2261 1813 2284 ac
1843 2248 1895 2285 sa⁴

1007 2298 1119 2333 lubris
1145 2301 1238 2335 villae
1261 2300 1353 2334 bona
1381 2312 1391 2333 z
1436 2302 1502 2336 hoc
1528 2309 1668 2334 tantum
1705 2298 1791 2331 mali
1818 2296 1891 2334 est.

1008 2343 1103 2390 qubd
1123 2345 1209 2380 villa
1235 2344 1374 2387 (nescio
1397 2345 1654 2392 quamobrem)
1680 2344 1819 2378 nullum
1834 2342 1899 2376 ha-

1009 2389 1069 2423 bet
1105 2390 1243 2425 aditum
1272 2412 1285 2429 ,
1331 2392 1504 2425 nimirum
1542 2392 1671 2424 virtuti
1710 2397 1895 2430 nunquam

1013 2433 1129 2469 aditus
1160 2457 1172 2474 ,
1197 2436 1296 2470 malis
1326 2434 1457 2482 ubique
1483 2444 1606 2482 patent
1627 2434 1719 2470 fores
1748 2458 1756 2466 .
1790 2433 1889 2466 solus

1017 2490 1112 2518 tuus,
1129 2479 1296 2529 meusque
1310 2480 1407 2515 heros
1426 2480 1622 2516 fredericus
1644 2480 1791 2514 virtutis
1815 2477 1893 2510 cul-

1016 2531 1070 2560 tor
1093 2526 1187 2561 hunc
1212 2527 1351 2572 aperuit
1376 2526 1532 2561 aditum.
1573 2526 1679 2560 Dedit
1707 2524 1818 2558 Vallae
1845 2519 1893 2555 se-

1014 2573 1142 2606 mitam
1179 2582 1238 2617 per
1264 2570 1415 2606 mediam
1443 2572 1688 2616 Mergellinem
1718 2591 1731 2609 ,
1767 2578 1836 2615 qua
1860 2565 1893 2601 se

1014 2619 1051 2651 in
1076 2617 1239 2651 villulam
1267 2615 1367 2651 suam
1387 2639 1398 2655 ,
1425 2619 1574 2662 recipere
1599 2616 1703 2663 poffet
1727 2639 1737 2648 .

1103 2665 1136 2697 O
1161 2661 1259 2697 soelix
1283 2662 1415 2702 Valla,
1439 2664 1497 2696 cui
1521 2661 1601 2696 satis
1629 2662 1673 2696 est
1694 2672 1801 2707 parva
1825 2659 1893 2693 vil-

1005 2707 1046 2741 ·la
1076 2729 1088 2747 ‚
1126 2720 1197 2742 non
1220 2707 1290 2741 tibi
1316 2707 1455 2753 placent
1482 2708 1614 2742 Licinii
1641 2708 1757 2751 campi
1784 2726 1796 2744 ‚
1822 2716 1894 2738 non

1014 2755 1152 2799 Apulioe
1191 2753 1265 2787 lata
1305 2762 1385 2787 rura
1407 2774 1418 2787 0
1456 2753 1556 2786 Solus
1591 2755 1629 2786 in
1660 2759 1758 2785 tanta
1787 2748 1891 2784 turba

1013 2799 1239 2833 crassantium
1268 2795 1527 2844 philosophicos
1552 2795 1639 2843 sapis
1664 2807 1776 2831 mores
1792 2817 1803 2833 ,
1828 2798 1890 2839 qui

1015 2854 1077 2878 nec
1118 2842 1222 2877 verba
1259 2840 1406 2876 vendere
1431 2864 1443 2881 ,
1478 2853 1544 2876 nec
1568 2843 1716 2876 mentiri
1740 2841 1891 2876 novisti.

1020 2889 1129 2924 Foelix
1147 2909 1159 2926 ‚
1186 2889 1217 2921 δι
1243 2884 1400 2933 quisquis
1427 2896 1618 2923 contentus
1649 2888 1764 2933 parvis
1792 2906 1803 2924 ,
1828 2889 1895 2920 mi·

1014 2945 1102 2969 nora
1125 2931 1292 2967 desiderat
1306 2956 1317 2966 .

1104 2976 1298 3022 Prodigiosa
1321 2978 1504 3018 (fiverum
1518 2977 1620 3014 fateri
1647 2978 1818 3019 velimus)
1845 2990 1895 3012 res

1008 3023 1054 3058 est
1089 3024 1244 3059 humana
1269 3031 1368 3058 mens
1396 3047 1408 3064 ,
1444 3035 1520 3070 quae
1546 3028 1584 3059 in
1611 3033 1682 3058 tam
1713 3034 1819 3069 parvo
1844 3036 1896 3056 er-

1033 3069 1138 3104 astula
1160 3066 1276 3102 clausa
1293 3090 1305 3107 ,
1330 3080 1399 3104 non
1423 3070 1531 3116 potest
1558 3068 1637 3110 ipsis
1659 3066 1784 3103 mundi
1814 3067 1895 3103 fini-

1006 3080 1070 3149 ἕυς
1097 3113 1298 3149 contineri.
1335 3116 1464 3160 Magna
1487 3114 1656 3162 possidet,
1683 3114 1810 3153 majora
1836 3114 1894 3147 de—

1004 3159 1127 3195 fiderat
1156 3185 1166 3194 .
1201 3161 1242 3192 In
1277 3158 1463 3195 infinitum
1499 3161 1574 3196 abit
1612 3160 1679 3207 ista·
1696 3157 1895 3202 cupiditas,

1005 3206 1165 3252 quodque
1191 3212 1323 3238 naturae
1344 3214 1510 3252 negatum
1529 3207 1573 3242 est
1589 3229 1598 3246 ‚
1627 3208 1697 3252 ipla
1724 3203 1788 3239 libi
1808 3203 1895 3239 falses

1003 3255 1182 3298 promittit
1196 3276 1204 3283 -
1230 3248 1325 3294 {relies
1340 3275 1350 3284 .

1793 3576 1875 3609 AN-
