2404 3882
859 136 1051 178 GAB.
1111 133 1460 180 BARRII
1530 136 1974 180 FRANCIC.

476 243 551 283 'neg
585 244 727 291 ,egentes
759 237 797 275 in
817 236 1112 285 sempiternum
1134 246 1269 276 aevum
1302 231 1566 277 illut-Alaude
1596 244 1733 282 caret,
1759 246 1844 286 quae
1873 233 2151 276 Scanderbech
2180 237 2340 288 sangui-

473 288 594 339 firjusJ
615 292 880 340 redderetur,
910 303 1002 331 turn
1031 291 1313 331 venerandum
1339 289 1377 327 ,ὃς
1440 295 1659 340 ne'genita
1689 292 1887 343 praesianti
1916 298 2053 332 animo
2084 292 2186 340 fuit,
2220 283 2339 343 pudi-

475 354 750 394 admiratione
779 350 953 402 dignum
983 377 993 388 .
1022 348 1378 403 Qandoquidem
1436 348 1529 385 citia
1552 358 1750 399 quoque,
1777 359 1822 386 ac
1837 349 2032 398 religione
2065 349 2162 388 nulli
2180 363 2341 392 matro-

470 422 520 450 ut
551 412 605 451 est
639 407 821 447 Calabra
852 409 962 458 regio
980 406 1217 450 Vefflstage,
1244 403 1375 450 laudi·
1432 414 1578 445 narum
1609 403 1719 445 ceffit
1751 431 1765 450 ‚
1809 413 1935 456 atque
1967 407 2005 443 in
2033 410 2087 447 rei
2123 404 2336 450 familiaris

533 159 615 199 123
2203 156 2281 194 124

471 468 629 521 busque
660 464 859 517 p1·aedi&is
899 463 1006 503 clara
1033 476 1044 501 ε
1085 465 1139 500 ita
1170 460 1206 498 &
1237 471 1373 500 rerum

473 529 664 566 ubertate
694 547 702 563 ‚
732 532 777 559 ac
807 523 1005 559 varietate
1032 546 1043 565 ‚
1072 530 1160 571 quae
1190 519 1226 555 in
1254 529 1303 556 ea
1331 517 1376 554 fi-

473 594 527 622 ve
554 579 666 620 ultro
711 578 960 634 pro-*eniunt
987 601 997 620 ‚
1040 576 1120 613 sive
1147 574 1372 613 incolarum

473 651 569 680 cura
598 637 702 677 fiunt
731 661 742 681 ,
770 644 863 672 tum
887 633 1146 683 ingeniorum
1189 631 1374 681 praestan-

1433 460 1779 499 administratione
1809 461 1987 510 pudens
2016 461 2094 501 fuit
2123 489 2132 499 .
2166 464 2338 506 Accedit

1432 518 1541 570 quod
1559 517 1597 556 id
1611 526 1772 569 quoque
1787 544 1797 562 ‚
1824 527 1870 554 ut
1886 518 1963 557 hoc
1978 530 2143 571 agerem
2160 532 2226 558 me
2243 522 2339 561 ade-

1433 577 1495 626 git
1513 602 1523 620 ‚
1543 574 1651 627 quod
1666 585 1762 614 cum
1779 574 1825 611 tu
1841 571 1893 611 de
1908 575 1984 613 hoc
2002 577 2101 615 libro
2116 580 2263 616 certior
2279 577 2338 618 fa-

1433 629 1518 669 ἕως
1548 630 1672 670 fueris
1687 660 1699 679 ‚
1728 632 1859 682 patria
1892 631 2094 672 charitate
2124 633 2306 673 incensus
2321 663 2336 684 ,

471 699 530 734 tia
560 723 572 742 ‚
616 693 652 732 ὅ(
680 702 901 741 corporum
932 689 1076 727 robore
1115 687 1215 725 nulli
1246 687 1374 725 Italiae
1435 700 1484 726 ne
1499 698 1562 726 tot
1594 687 1880 739 meaevigiliae‚
1912 697 2055 741 totque
2070 689 2335 736 labore3,tot

472 754 627 800 regioni
658 746 790 788 cedit.

475 801 631 847 invidia
665 831 676 851 ‚
708 806 894 842 omnium
926 801 1049 840 Italiae
1078 803 1291 853 regionum
1321 798 1376 838 est

472 861 714 903 nobiliflima
748 888 757 896 .
792 857 903 908 Nam
936 868 1079 910 praeter
1110 869 1159 896 ea
1185 884 1197 904 ,
1223 868 1309 910 quae
1338 857 1378 895 in

471 921 625 974 reliqua
658 917 778 956 Italia
807 943 818 964 ‚
856 925 923 954 aut
965 923 1079 967 parte
1116 917 1201 953 eius
1236 917 1374 966 'quota

472 978 582 1017 fiunt
610 1004 622 1024 ,
651 974 780 1013 multa
811 973 890 1013 alia
925 973 963 1010 in
994 984 1039 1011 ea
1069 971 1123 1011 ob
1150 971 1218 1010 soli
1248 971 1376 1014 felici-

473 1045 606 1074 tatem
644 1031 681 1070 &
713 1030 800 1069 coeli
829 1031 1122 1073 clementiam,
1153 1038 1221 1068 aut
1255 1028 1374 1076 fiunt,

475 1103 548 1134 aut
572 1093 823 1142 gignuntur.
851 1084 938 1124 Has
965 1086 1018 1125 ob
1049 1098 1112 1125 res
1141 1097 1231 1125 earn
1260 1083 1372 1124 Grae-

475 1155 510 1192 ci
534 1147 749 1189 Ausoniam
781 1145 985 1196 primum,
1014 1143 1108 1182 inde
1135 1142 1373 1182 Calabriam

474 1205 764 1260 appellavere,
790 1199 901 1253 quod
932 1199 1048 1238 bonis
1078 1199 1268 1238 omnibus
1295 1197 1374 1238 sca-

817 744 1063 799 Qinetiarn
1079 771 1090 791 ‚
1110 744 1207 783 abiit
1239 742 1365 783 verbo
1384 741 1413 779 B
1428 746 1592 796 iuquam
1610 755 1811 794 perpetuae
1845 743 2043 784 Calabriae
2071 745 2210 785 laudes
2225 750 2334 798 peri-

1436 811 1527 840 rent
1543 800 1580 840 &
1600 802 1869 841 oblitterentur
1889 830 1900 850 ‚
1926 800 2003 840 hac
2018 804 2056 839 in
2073 813 2163 850 me,
2194 805 2277 842 imo
2295 807 2335 846 in

1437 861 1609 910 patriam
1638 858 1882 897 liberalitate
1914 857 2006 906 usus
2040 868 2082 896 es
2114 885 2125 904 ‚
2157 870 2203 899 ut
2232 859 2335 901 liber

1435 912 1514 966 ipse
1544 917 1623 953 tuis
1655 912 1837 964 auspiciis
1864 914 2161 968 sumptibusque
2192 918 2230 955 in
2248 929 2335 957 me-

1431 972 1547 1012 dium
1565 972 1734 1023 prodeat
1749 998 1759 1008 .
1788 970 1964 1011 Proinde
1992 985 2072 1011 non
2090 971 2189 1011 mihi
2206 973 2334 1013 modo

1433 1029 1623 1068 Calabria
1652 1027 1839 1066 universa
1867 1054 1878 1074 ,
1919 1039 2063 1067 verum
2098 1031 2225 1068 etiam
2257 1030 2336 1072 tibi

1432 1085 1616 1140 quandiu
1635 1086 1780 1124 coelum
1801 1085 2038 1127 movebitur
2051 1113 2064 1132 ,
2081 1088 2233 1136 gratias
2249 1098 2336 1127 ma-

1420 1144 1561 1182 &imas
1584 1152 1706 1190 agere
1724 1168 1735 1188 ,
1765 1141 1888 1179 etiam
1909 1142 2060 1181 habere
2079 1141 2249 1188 majores
2266 1170 2278 1190 ‚
2295 1142 2335 1185 8(

1429 1199 1700 1239 Francicanos
1727 1198 1839 1236 cives
1869 1209 1983 1236 meos
2009 1198 2336 1241 civitate·&im-

474 1272 584 1309 teat,
611 1269 839 1307 eorumque
869 1266 1094 1308 proventus
1123 1259 1161 1297 in
1186 1254 1271 1298 dies
1302 1254 1410 1298 au÷=C
1425 1258 1626 1314 munitate
1654 1254 1808 1296 donare
1836 1252 1986 1295 debet.

475 1329 643 1371 geritur.
662 1313 788 1368 Qod
817 1315 957 1365 utique
988 1324 1136 1359 nornen
1163 1313 1260 1355 nulli
1289 1313 1372 1351 aliae

475 1375 604 1427 ltaliae
632 1372 787 1425 regioni
827 1372 1026 1417 ,convenit
1053 1398 1062 1408 .
1089 1369 1199 1410 Cum
1229 1372 1371 1421 itaque

475 1433 568 1475 talis
595 1458 607 1478 ,
645 1442 690 1469 ac
719 1436 834 1470 tanta
865 1427 910 1465 fit
943 1424 1121 1468 Calabra
1148 1426 1264 1479 regio
1292 1451 1302 1470 ‚
1329 1420 1393 1466 ac*

476 1500 550 1542 per
576 1497 716 1528 omnes
742 1493 879 1531 aetates
911 1485 949 1522 in
965 1495 1012 1523 ea
1044 1481 1195 1523 eruditi
1225 1480 1378 1522 florue-

476 1549 558 1585 rint
589 1545 664 1584 viri
694 1556 707 1591 ς
746 1551 864 1580 nemo
892 1548 1030 1581 tamen
1070 1551 1176 1580 unus
1207 1550 1279 1592 per
1308 1547 1373 1579 tot

476 1601 615 1647 ,saecula
634 1627 646 1646 ‚
683 1599 785 1638 hanc
806 1599 1058 1651 provinciam
1086 1597 1276 1649 suscepit,
1300 1597 1372 1637 ho-

478 1658 542 1699 sce
569 1657 726 1698 labores
756 1655 888 1694 obivit
917 1682 928 1701 ‚
952 1663 1000 1693 ut
1028 1655 1164 1707 patriae
1197 1652 1370 1706 gloriam

477 1715 645 1768 propriae
677 1712 849 1751 utilitati
875 1722 1109 1762 praeponens
1145 1722 1235 1751 eam
1270 1711 1373 1750 cele-

480 1838 570 1869 rem
604 1852 614 1870 ,
643 1829 741 1864 nulli
774 1836 938 1876 parcens
972 1825 1096 1864 labori
1127 1851 1140 1871 ,
1170 1827 1377 1876 regionem

481 1881 714 1925 universam
744 1881 909 1921 lustravi
939 1908 950 1927 ‚
980 1893 1083 1921 neve
1112 1879 1206 1920 falsa
1237 1881 1377 1921 scribe·

483 1953 572 1985 rem
603 1967 611 1985 ,
644 1949 748 1978 neve
782 1937 1068 1990 investigandis
1094 1947 1289 1982 Veterum
1322 1941 1378 1978 loq

484 2007 632 2043 corum
660 1994 893 2035 nominibus
934 1996 972 2034 in
1002 2004 1068 2034 eos
1100 2004 1254 2034 errores
1282 1996 1377 2035 inci-

485 2055 628 2098 derem
658 2080 668 2099 ‚
700 2053 738 2093 in
766 2062 870 2104 quos
897 2053 1193 2094 neotericorum
1218 2051 1383 2103 scripto-

484 2122 578 2152 rum
613 2109 792 2161 plerique
819 2108 937 2158 vulgi
966 2107 1171 2148 &leviter
1199 2108 1382 2153 erudito—

488 2179 577 2207 rum
606 2165 864 2216 opinionibus
894 2166 1017 2207 innixi
1048 2164 1140 2215 lapsi
1175 2165 1261 2204 sunt
1290 2179 1302 2205 e
1332 2175 1378 2204 ut

487 2223 631 2269 Guido
647 2221 864 2260 Ravennas
883 2247 895 2267 ,
926 2219 1107 2260 Blondus
1120 2219 1374 2261 Forolivien-

487 2282 535 2321 fig
563 2308 573 2327 ‚
617 2277 798 2327 Raphael
829 2275 1126 2316 V‹.=laterranus
1154 2305 1166 2325 ,
1203 2277 1381 2318 Pandol-

484 2339 591 2390 plius
608 2333 860 2375 pisauriensis
876 2361 888 2381 ,
905 2333 1053 2385 aliique
1072 2333 1379 2391 plurimi-Qod

487 2403 588 2445 opus
626 2393 663 2429 in
691 2391 870 2444 quinque
912 2390 1032 2430 libros
1061 2390 1292 2434 distin&um
1327 2394 1377 2430 ti-

488 2450 530 2493 bi
546 2477 557 2497 ‚
583 2450 650 2501 qui
671 2450 708 2486 in
728 2457 815 2486 tota
846 2449 1009 2497 regione
1029 2448 1244 2499 primarius
1272 2450 1382 2500 prin2

488 2509 572 2557 cips
598 2516 639 2542 es
656 2531 667 2550 ,
686 2505 936 2555 nuncupavi.
955 2503 1111 2551 Magna
1125 2504 1292 2557 quidem
1312 2517 1383 2552 ,ac

492 2560 675 2613 >praestans
711 2570 770 2608 res
802 2588 814 2608 ,
847 2571 996 2612 magno
1027 2572 1073 2599 ac
1099 2561 1296 2611 praestanti
1323 2564 1385 2600 vi-

490 2632 538 2661 ro
575 2619 768 2656 convenit
797 2646 807 2664 ‚
851 2629 897 2656 ac
925 2616 1122 2658 debetur.
1154 2615 1382 2657 Praesertim

491 2676 617 2713 etiarn
645 2671 757 2726 quod
783 2674 1134 2713 Sanetoseveriana
1152 2674 1299 2713 domus
1318 2686 1385 2713 an-

491 2729 713 2782 tiquiliitna
730 2731 781 2771 est
799 2730 834 2770 ἃ
851 2729 1090 2770 nobiliffima
1106 2758 1117 2778 ‚
1130 2742 1180 2769 ex
1202 2742 1282 2783 qua
1298 2730 1385 2782 plu-

493 2791 585 2827 rimi
618 2785 914 2838 prseliantilsimi
945 2789 1019 2825 viri
1049 2786 1275 2829 floruerunt
1295 2817 1305 2830 ,
1330 2785 1384 2826 Et

494 2850 668 2889 maiores
699 2848 760 2884 tui
788 2843 1123 2889 Belidinnenfium
1154 2842 1390 2895 Principes,

494 2913 582 2941 tum
608 2898 805 2941 'maxime
849 2900 993 2939 Petrus
1023 2900 1231 2940 Antonius
1274 2910 1390 2950 pater

495 2970 592 2999 tuus
624 2988 634 3006 0,
666 2961 732 2997 cui
762 2959 896 3009 regius
926 2958 1083 3001 animus
1114 2959 1243 2995 inerat
1270 2984 1282 3004 ,
1325 2967 1392 3004 ty-

498 3015 714 3057 rannidem
731 3018 838 3053 veris
855 3013 1103 3063 Principibus
1118 3013 1279 3064 prorsus
1295 3024 1391 3053 exo-

497 3072 580 3113 sam
599 3100 608 3116 ‚
643 3072 797 3122 stmper
825 3070 1125 3113 abhorruerunt
1142 3096 1155 3116 ,
1172 3068 1208 3106 ὃ(
1224 3069 1388 3117 justitia,

499 3129 720 3179 clementia
741 3155 750 3173 ,
777 3126 812 3169 ὅ(
848 3127 1117 3171 liberalitate,
1144 3126 1290 3177 quibus
1309 3127 1390 3164 vir-

502 3185 661 3224 tutibus
686 3194 731 3221 tu
750 3193 913 3238 quoque
928 3181 1085 3234 praestas
1102 3208 1114 3228 ‚
1139 3192 1176 3231 p-
1194 3181 1392 3221 lluerunt.

498 3240 555 3283 Es
590 3239 760 3292 quidem
794 3249 839 3283 tu
871 3239 908 3276 in
936 3249 1052 3277 tanta
1082 3236 1391 3287 expectatione,

501 3307 550 3336 ut
581 3296 677 3336 nulli
726 3294 929 3341 majorum
970 3304 1139 3333 tuorum
1170 3293 1394 3339 virtutibus

503 3351 675 3398 ceflurus
705 3353 777 3395 sis.
808 3348 952 3404 Neque
979 3360 1110 3394 mater
1137 3360 1209 3404 tua
1235 3348 1393 3394 Herina

1445 1365 2323 1480 annaneane&

1540 1537 1747 1573 ALABRIA
1777 1534 1887 1569 ltaliae
1911 1537 2031 1579 regio,
2059 1547 2134 1582 quae
2162 1536 2197 1568 in
2217 1531 2338 1569 extre-2

1548 1584 1614 1616 mis
1629 1583 1702 1615 eius
1728 1579 1880 1618 finibus,
1907 1590 1945 1614 ut
1962 1583 2083 1629 lingua
2110 1581 2334 1627 porte-Staiu-

1523 1642 1525 1644 ·
1551 1637 1601 1661 ter
1629 1636 1819 1672 utrumque
1845 1623 1975 1661 fretum
2001 1649 2013 1665 ‚
2039 1625 2198 1661 Inferum
2224 1627 2335 1671 Supe-

1432 1684 1582 1719 rumque
1606 1674 1794 1706 interiacet
1820 1684 1832 1711 3
1868 1673 2000 1716 incipit
2024 1672 2041 1706 ἒ
2069 1674 2156 1706 mari
2179 1668 2296 1705 Infero
2320 1691 2335 1709 ,

1430 1717 1521 1765 quod
1541 1720 1592 1752 Gr
1623 1719 1654 1758 ci
1674 1716 1886 1764 Tyrrhenum
1914 1727 2045 1752 vocant
2060 1740 2070 1757 ‚
2094 1715 2112 1751 a
2128 1716 2239 1750 Talao
2262 1714 2331 1750 flu·-

480 1774 617 1817 braret
646 1798 655 1813 „2
681 1767 811 1820 Qod
838 1779 936 1818 opus
964 1795 976 1814 ,
1007 1778 1056 1807 ut
1089 1768 1170 1820 ipse
1199 1760 1527 1808 confice-Durae
1557 1776 1568 1804 s
1596 1762 1613 1797 ὲ
1637 1766 1765 1807 Supero
1786 1774 1867 1801 vero
1891 1785 1901 1801 ‚

1936 1762 2028 1810 quod
2057 1764 2162 1797 iidem
2190 1761 2335 1806 Joniurn
2385 1777 2396 1788 ·

1436 1816 1648 1853 nuncupant
1664 1831 1674 1846 ‚
1694 1807 1711 1841 ἒι
1733 1810 1804 1853 Syri
1835 1811 1933 1842 amni
1957 1822 1966 1841 :
1992 1807 2264 1854 &protenditur
2292 1803 2337 1840 ad

1439 1858 1616 1901 Euripum
1640 1853 1746 1898 usque
1773 1854 2040 1899 Rhegiumque.
2067 1860 2185 1900 Atque
2214 1855 2336 1899 Apen-

1437 1903 1517 1936 nini
1540 1901 1675 1935 montis
1696 1900 1780 1944 jugo
1807 1901 1841 1932 in
1868 1899 2131 1943 longitudinem
2159 1897 2243 1932 festa
2265 1896 2347 1930 duo.

1436 1957 1568 1981 cornua
1596 1947 1732 1980 emittit
1748 1966 1759 1984 ‚
1788 1948 2041 1988 Leucopetram
2065 1944 2210 1982 dextra,
2232 1945 2337 1978 Laci-

1436 1994 1539 2027 nium
1569 1990 1698 2025 sinistra
1715 2015 1723 2027 ‚
1751 1991 1839 2033 Quae
1865 1998 1939 2024 tum
1955 1990 2140 2025 montuosa
2161 1989 2231 2027 est,
2257 1998 2338 2022 tum.

1439 2036 1638 2083 campestris
1666 2037 1759 2069 Latii
1786 2035 1890 2068 instar
1913 2046 2083 2080 aquarum
2110 2033 2338 2079 staturigini-

1439 2084 1506 2117 bus
1524 2083 1672 2125 ⁴irrigata
1690 2104 1699 2113 .
1730 2078 1837 2127 Ipsius
1865 2091 1947 2113 vero
1970 2080 2123 2125 regionis
2147 2080 2303 2113 ambitus
2322 2100 2336 2118 ‚

1439 2128 1480 2162 ad
1509 2126 1737 2163 DCCXXX.
1765 2127 1817 2160 M.
1843 2122 1913 2170 pas.
1932 2126 2084 2171 colligit.
2114 2128 2143 2159 A
2172 2126 2277 2158 Talio
2302 2136 2338 2157 e-

1436 2175 1513 2208 nim
1543 2173 1666 2207 Fluvio
1691 2170 1732 2204 ad
1763 2175 1876 2206 Laum
1906 2183 2046 2207 amnem
2066 2171 2242 2206 milliaria
2257 2169 2340 2204 sunt

1436 2220 1521 2255 X11.
1555 2222 1583 2254 A
1608 2221 1680 2255 Lao
1706 2226 1849 2255 autem,
1876 2224 1915 2249 ut
1944 2217 2065 2250 Strabo
2080 2216 2171 2253 fert,
2201 2214 2244 2252 ad
2266 2218 2338 2250 Eu„

1387 2262 1581 2311 Er'vpum,
1603 2263 1665 2308 qui
1700 2259 1718 2295 32
1747 2260 1887 2296 caenide
1916 2263 2158 2304 promontorio
2188 2263 2339 2307 incipit,

1440 2311 1554 2345 millia
1583 2305 1650 2354 pas.
1675 2305 1756 2341 sunt
1783 2308 1953 2342 CLXIX.
1968 2309 2150 2342 communi
2167 2319 2251 2341 veto
2277 2318 2339 2342 ex*

1440 2358 1628 2391 timatione
1651 2353 1784 2387 CLXI.
1807 2355 1933 2398 Euripi
1959 2363 2077 2388 autem
2097 2353 2225 2387 trastus
2241 2376 2252 2392 ‚
2275 2352 2340 2398 qui

1439 2411 1479 2436 ut
1504 2400 1577 2436 dixi
1597 2422 1610 2440 ‚
1634 2397 1652 2432 ‘21
1676 2396 1817 2433 Caenicle
1843 2397 1885 2432 ad
1907 2398 2035 2433 fretum
2063 2397 2166 2444 usque
2197 2402 2339 2433 Hercu-

1440 2449 1602 2488 leumque
1621 2445 1907 2489 promontorium
1921 2445 2118 2495 porrigitur
2130 2466 2140 2481 ‚
2158 2446 2238 2480 LX.
2254 2444 2338 2478 mil-

1439 2494 1528 2527 lium
1553 2491 1710 2541 paffuum
1725 2489 1794 2523 est:
1822 2488 1977 2526 Afreto‚
2004 2488 2097 2533 quod
2126 2489 2168 2523 ab
2201 2492 2341 2525 Hercu-

1443 2541 1496 2573 leo
1526 2537 1769 2582 promontorio
1787 2536 1946 2568 ¹initium
1970 2534 2101 2573 habet,
2130 2534 2223 2570 idem
2250 2537 2343 2577 Sem·

1440 2586 1486 2619 bo
1516 2582 1654 2629 Polybii
1680 2580 1885 2614 aut-*tonitam
1910 2601 1920 2617 ‚
1946 2579 1997 2613 >ad
2023 2583 2212 2615 Lacinium
2234 2581 2360 2627 Juno·.

1445 2632 1500 2665 nis
1544 2627 1721 2672 templum
1757 2626 2074 2663 CCLXXXVIII.
2110 2625 2343 2660 intervallum

1445 2675 1505 2710 effe
1521 2673 1627 2708 tradit
1647 2697 1655 2712 ,
1682 2674 1710 2705 Α
1728 2673 1876 2712 Lacinio
1901 2670 1941 2704 ad
1958 2673 2071 2717 Syr-im
2092 2684 2236 2711 amnem
2262 2668 2342 2705 mil.

1445 2720 1523 2762 sunt
1539 2720 1711 2760 CXX-111,
1742 2721 1769 2758 'A
1795 2719 1885 2763 Syris
1899 2716 2059 2757 fluminis
2073 2717 2166 2751 ostiis
2179 2740 2190 2760 ,
2217 2716 2258 2750 ad
2274 2715 2344 2748 Ta-

1395 2767 1428 2806 F
1445 2769 1489 2801 lai
1518 2767 1631 2800 amnis
1645 2764 1726 2798 ostia
1752 2764 1985 2798 intervallum
1999 2762 2042 2795 est
2067 2761 2344 2801 M.1³.LXX,VI‚

1450 2813 1506 2849 Est
1533 2810 1666 2846 scilicet
1702 2810 1865 2844 Calabria
1895 2810 2057 2843 omnium
2091 2808 2199 2842 Italiae
2230 2806 2346 2850 regio-

1451 2872 1536 2894 num
1559 2855 1786 2891 vetustiffima
1815 2853 1832 2889 32
1857 2855 2016 2889 diluvio.
2033 2855 2147 2889 Prima
2172 2866 2209 2887 n.
2226 2863 2264 2886 ea
2288 2852 2346 2883 in-

1450 2903 1602 2941 habitari
1627 2911 1740 2947 coepta
1765 2923 1777 2940 ‚
1801 2910 1923 2946 utpote
1949 2899 1991 2932 ab
2017 2898 2194 2934 Aschenaz
2223 2905 2348 2943 prone-

1452 2959 1531 2999 pote
1559 2950 1632 2989 Noe
1657 2973 1667 2987 ‚
1703 2949 1796 2987 Nam
1822 2947 1892 2995 post
1919 2943 2150 2981 universalem
2177 2950 2348 2990 aquarum

1452 2992 1725 3030 inundationem
1748 3013 1759 3029 ‚
1785 3002 1867 3024 cum
1895 2993 2028 3025 Gomer
2053 2991 2165 3024 maior
2186 2998 2276 3023 natu
2302 2983 2344 3019 fi-

1447 3043 1578 3077 liorum
1598 3039 1722 3085 Japhet
1740 3038 1808 3071 filii
1838 3038 1931 3074 Noe,
1956 3036 2100 3069 Galatas
2129 3031 2346 3069 instituisset.

1450 3084 1625 3120 Asciienaz
1661 3082 1782 3118 filium
1813 3084 1980 3123 majorem
2015 3089 2101 3114 natu
2135 3082 2172 3114 in
2206 3078 2350 3113 Italiam

1450 3126 1640 3164 transmisit
1676 3128 1716 3161 ad
1758 3126 1993 3162 habitandum
2031 3150 2041 3164 0
2076 3125 2149 3168 Q
2177 3122 2216 3159 eb
2244 3123 2311 3155 lOCi
2335 3140 2349 3160 π

1451 3175 1513 3214 ubi
1541 3185 1638 3207 nunc
1677 3173 1834 3218 Rhegium
1874 3173 1917 3206 est
1946 3194 1956 3210 ‚
1993 3183 2074 3207 cum
2095 3166 2309 3216 *pervenisset
2334 3185 2350 3202 s

1450 3231 1531 3253 cum
1557 3221 1641 3264 quia
1678 3221 1706 3252 is
1730 3218 1793 3253 libi
1823 3219 1918 3251 locus
1947 3219 2083 3263 primus
2118 3214 2258 3248 oblatus
2279 3211 2350 3252 est,

1451 3265 1708 3299 tumveroloci
1733 3265 1944 3297 aiuoenitate
1969 3270 2092 3307 captus
2120 3260 2231 3304 (viget
2253 3257 2352 3290 enirn

1450 3312 1525 3345 illic
1555 3311 1717 3355 perennis
1742 3309 1899 3354 quaedam
1928 3320 1967 3342 ac
1982 3306 2082 3340 beata
2108 3305 2189 3339 coeli
2219 3312 2352 3346 tempe-1

1449 3357 1543 3399 ries)
1570 3354 1620 3389 ibi
1647 3354 1803 3395 consedit
1825 3376 1836 3397 ‚
1858 3353 2048 3395 urbemque
2074 3351 2195 3386 statuit
2213 3371 2222 3384 2
2244 3355 2352 3392 quam

2184 3393 2290 3442 &suo
