2404 3882
103 235 178 274 μς
242 218 1247 275 DEANTIQUITATE,ETSITU
1289 220 1673 264 CALABRIAE
1752 229 1837 274 346

40 315 248 362 cersofimum
271 336 283 352 ³
305 313 542 357 Cafirlevzovum
567 335 579 352 ‚
607 316 638 347 Sc
663 314 925 356 Constantinum.
944 315 978 353 A
996 313 1079 348 talla
1103 314 1211 348 etiam
1225 323 1417 354 caeteraque
1429 311 1549 357 sponte
1575 315 1778 355 nascentia,
1796 319 1885 353 item

24 362 127 398 ‘Inde
164 361 206 397 ad
242 370 338 399 mare
372 359 534 393 redeunti
573 357 752 393 fabalium
779 360 934 405 oppidu·
993 359 1121 404 plantae
1163 359 1302 393 nobiles
1340 359 1470 392 multis
1520 359 1606 392 locis
1656 365 1888 406 proveniunt,

22 409 117 443 {lum
146 406 294 442 offertur
326 425 338 442 ‚
375 403 468 449 quod
498 405 590 450 Syris
619 404 751 439 fluvius
792 415 932 451 praeter-
987 403 1202 439 Glandiferae
1237 403 1373 438 arbores
1399 425 1410 442 ‚
1436 406 1467 436 Sc
1492 403 1664 440 castaneta
1691 429 1701 444 ‚
1728 409 1758 441 &
1784 406 1886 453 sylvae

46 453 124 489 fluit
150 475 162 491 ‚
201 453 258 487 hic
280 448 468 496 goffipium
492 448 533 483 fit
560 461 569 482 t
606 449 649 483 est
677 452 707 483 δι
736 449 930 493 Rotundula
989 448 1030 483 ad
1055 449 1241 483 domorum
1276 451 1375 494 tigna
1399 471 1410 487 ‚
1444 451 1476 483 δι
1500 447 1541 481 ad
1570 452 1797 494 navigiorum
1834 452 1886 488 fa-

45 500 142 532 vicus
164 524 174 532 .
211 495 347 531 Exinde
373 494 417 529 est
443 494 573 528 Arocha
606 494 778 541 oppidum
802 493 819 528 ὲ
842 497 931 529 mari
989 496 1126 529 bricam
1149 505 1236 538 aptae
1261 493 1382 540 paffim
1408 492 1486 528 sunt
1504 518 1513 527 .
1542 496 1640 530 Hinc
1663 498 1775 530 Graeci
1793 509 1882 532 cun-

43 555 92 579 m.
105 555 139 589 p.
164 541 299 578 duobus
325 540 452 574 distans
479 562 490 579 ‚
521 541 623 574 cuius
650 551 729 584 ager
756 539 851 575 ferax
872 541 929 578 est,
987 541 1039 574 Sta
1061 551 1132 573 uno
1160 539 1267 574 verbo
1292 551 1370 574 com
1401 540 1469 574 lexi
1498 551 1575 574 eam
1616 542 1886 587 appellaverunt

6 599 11 628 ε
45 587 157 635 fitque
182 592 219 622 in
243 598 284 620 eo
305 585 493 631 goffipinm
515 587 546 619 Sc
573 584 695 619 sesama
714 609 724 618 .
762 585 818 620 Ab
844 589 931 619 Aro-
987 585 1191 621 Calabriam
1213 606 1225 623 ‚
1263 585 1355 630 quod
1407 587 1485 619 onis
1509 585 1676 620 omnibus
1701 584 1883 622 scaturiat.

46 635 110 669 cha
150 647 199 669 m.
235 644 269 676 p.
321 641 474 677 quatuor
510 633 602 676 Syris
637 631 752 664 amnis
796 629 929 664 labitur
986 630 1231 673 Quamobrem
1268 631 1453 675 opulentos
1481 644 1500 668 ·‚
1537 642 1577 664 ac
1608 631 1726 665 felices
1775 631 1882 667 essent

6 679 12 701 ·'
42 680 242 714 Calabriam
270 690 285 710 a
314 678 468 711 Lucania
495 676 668 710 dirimens
695 687 705 709 z
743 687 761 709 a
786 687 856 721 quo
879 688 926 709 m.
987 688 1108 710 omnes
1146 677 1271 709 incolae
1298 698 1308 713 ‚
1345 674 1367 709 si
1396 687 1454 722 per
1482 676 1617 719 regulos
1645 676 1882 725 tvrannosque

41 735 77 771 p.
104 724 216 760 tribus
251 724 468 763 Metapontus
503 722 675 767 oppidum
700 730 773 754 erat
806 742 818 759 ‚
860 702 970 766 quoB
988 723 1132 755 liceret.
1161 723 1242 755 Haec
1272 721 1445 756 Calabriae
1476 718 1700 758 monimen'ta
1720 721 1881 760 succ-effi-

21 772 184 806 'tertiam
223 768 331 803 ltaliae
358 768 536 811 regionem
561 765 660 800 finiri
685 765 822 800 Plinius
848 766 931 799 lcri-
985 768 1039 801 vis
1065 768 1177 812 operis
1199 764 1328 809 perfeci
1358 790 1369 805 ‚
1394 775 1435 799 ut
1464 779 1547 801 meae
1571 769 1704 814 vigiliae
1723 790 1735 807 ‚
1768 772 1880 812 meiq3

41 815 98 852 bit
126 840 138 850 .
172 815 245 851 Hic
268 811 429 847 Ausoniae
453 833 465 850 ‚
497 810 697 857 Hesperiae,
723 812 927 850 Oenotriae,
986 812 1119 849 labores
1152 812 1342 857 posteritati
1370 812 1523 847 utilitati
1555 811 1695 854 forent,
1720 816 1751 848 δε
1781 814 1881 848 Cala-

43 863 75 896 &
111 861 223 896 Italiae'
253 856 435 905 quondam
470 859 642 893 terminus
676 864 750 890 erat
786 883 796 890 .
842 859 925 891 Haec
983 857 1048 892 bro
1072 859 1210 892 nomini
1240 855 1354 890 laudis
1378 857 1513 903 aliquid
1541 856 1733 895 afferrent.
1761 860 1882 893 Moni-

40 907 86 942 est
110 904 258 952 proinde
293 901 456 936 Calabria
483 900 726 948 antiquiffima
748 924 759 940 ‚
783 914 821 937 ac
849 900 928 935 feli·
985 913 1038 936 tos
1078 904 1185 936 velim
1209 904 1241 935 Sc
1263 903 1417 945 reliquos
1458 905 1564 938 Italos
1590 917 1684 938 meos
1708 927 1720 944 ‚
1759 914 1797 938 ut
1823 916 1882 938 me

40 952 178 988 ciffima
201 950 296 993 regio
318 960 327 981 :
365 949 427 981 Hae
454 949 606 992 origines
629 951 705 982 eius
730 971 741 987 ‚
776 949 847 983 haec
865 959 926 980 no-
987 950 1170 982 imitantes
1197 948 1270 982 suas
1308 950 1466 993 regiones
1504 949 1696 995 diligenter
1718 953 1748 984 Sc
1776 960 1879 984 accu-

20 1000 142 1040 {mina
166 1019 178 1035 ‚
209 993 336 1040 oppida
358 1015 368 1031 ‚
406 1003 511 1038 atque
531 1003 651 1037 gentes
676 1017 685 1026 .
721 995 832 1028 Cuius
857 1003 927 1026 una
986 1002 1059 1028 rate
1083 992 1311 1038 perscribant.
1337 995 1468 1027 Vitent
1490 997 1641 1038 ineptias
1667 1017 1678 1034 ‚
1718 1006 1757 1030 ac
1784 1006 1881 1032 vera,

39 1051 184 1078 tantum
209 1040 293 1074 urbs
330 1037 506 1083 quondam
529 1048 602 1071 ccc.
629 1039 819 1073 hominum
846 1038 929 1072 rnil-
986 1049 1024 1073 ac
1045 1039 1164 1082 gravia
1192 1060 1203 1076 ‚
1242 1048 1280 1070 ac
1316 1038 1417 1072 laude
1451 1039 1558 1085 digna
1606 1038 1881 1085 perscrutentur.

38 1090 88 1124 lia
111 1087 278 1123 armavit.
313 1086 445 1118 Omnia
457 1083 625 1117 Calabriae
639 1083 764 1129 oppida
782 1095 969 1137 ‚omnesC
989 1087 1028 1117 ln
1067 1081 1304 1127 investiganda
1344 1086 1561 1130 antiquitate
1598 1088 1745 1133 impigri
1788 1084 1883 1123 lint,

20 1142 146 1181 'panos
169 1141 231 1166 aut
256 1153 268 1170 ‚
293 1138 334 1163 ut
362 1127 481 1172 saepius
506 1127 580 1162 dixi
605 1151 616 1167 2
647 1134 839 1167 mutones,
867 1139 927 1161 aut
985 1132 1017 1163 δε
1038 1139 1176 1163 veraces
1204 1140 1216 1166 ς
1249 1139 1332 1162 nam
1360 1127 1382 1162 fi
1407 1133 1544 1164 externi
1570 1153 1581 1169 ‚
1622 1143 1661 1166 ac
1688 1132 1883 1176 longinqui

38 1166 205 1214 Oe‘iiotrii
233 1198 244 1214 ‚
272 1175 522 1220 Peucentiique
548 1195 559 1211 ‚
584 1182 644 1208 aut
671 1171 926 1210 Athenienses,
982 1175 1145 1209 homines
1184 1172 1258 1207 suas
1289 1175 1449 1220 regiones
1480 1178 1620 1211 Latinis
1656 1179 1767 1213 literis
1793 1177 1884 1210 cele-

41 1234 105 1262 aut
133 1221 318 1257 Phocenses
359 1241 370 1258 ‚
407 1229 467 1254 aut
500 1219 701 1254 Philosietes
725 1241 736 1258 ‚
779 1229 840 1253 aut
863 1219 926 1251 alii
982 1219 1088 1254 brant
1130 1231 1141 1252 ·.
1182 1230 1244 1254 cur
1272 1232 1335 1254 nos
1361 1222 1483 1256 Latini
1507 1243 1519 1260 ‚
1555 1222 1679 1268 utpote
1698 1226 1736 1257 in
1763 1221 1884 1257 medio

39 1270 184 1304 Graeciae
202 1268 380 1312 principes
406 1286 418 1302 ‚
446 1272 506 1298 aut
530 1274 633 1304 ante,
656 1275 717 1299 aut
737 1265 841 1310 paulo
856 1263 927 1310 post
987 1267 1091 1300 Latio
1117 1266 1191 1299 nati
1223 1287 1236 1304 ‚
1270 1275 1330 1299 aut
1356 1268 1449 1300 Latii
1477 1268 1601 1304 accole
1634 1268 1785 1304 nostram
1811 1270 1884 1302 lta-

38 1315 103 1351 llii
139 1312 321 1348 excidium
346 1308 603 1359 condiderunt.
635 1313 761 1345 Praeter
790 1321 927 1354 pauca,
986 1311 1073 1345 liam
1099 1312 1237 1344 Latinis
1261 1312 1372 1347 literis
1403 1334 1414 1351 ‚
1439 1312 1571 1357 priscos
1596 1316 1781 1349 imitantes
1810 1324 1885 1348 non

19 1363 116 1406 ‘quae
151 1358 195 1394 ab
219 1359 304 1394 hinc
338 1360 514 1390 {excentos
544 1367 654 1390 annos
686 1367 729 1390 ex
762 1365 928 1392 veterum
991 1354 1259 1400 diligentiffime
1286 1357 1580 1393 celebrabimus?
1607 1361 1738 1396 Moneo
1765 1368 1888 1394 tamen

19 1406 153 1441 v'ruinis
177 1405 331 1439 excitata
355 1399 436 1434 sunt
457 1423 469 1440 2
509 1403 659 1436 mutatis
685 1400 821 1436 sedibus
849 1427 859 1436 .
895 1398 933 1435 ld
991 1403 1100 1435 etiam
1123 1410 1183 1434 vos
1207 1423 1219 1441 ‚
1255 1415 1299 1437 ne
1328 1401 1428 1438 vobis
1449 1415 1540 1439 curte
1564 1404 1605 1441 fit
1632 1405 1794 1452 ingentia
1820 1415 1883 1438 vo-

39 1448 117 1485 insu
145 1460 181 1483 er
215 1447 308 1485 haud
338 1457 514 1494 quaquam
540 1449 693 1490 legentes
728 1455 931 1491 praetereat,
991 1448 1127 1480 lumina
1154 1449 1266 1491 magis
1295 1449 1467 1485 conficere
1493 1472 1504 1489 ‚
1527 1463 1636 1499 quarn
1655 1451 1749 1487 bona
1775 1461 1787 1484 t
1814 1447 1887 1483 fine

20 1459 263 1542 quod’vina,
289 1494 363 1528 olea
378 1513 391 1531 2
413 1493 517 1526 mella
533 1515 545 1532 ‚
569 1494 668 1531 lina,
691 1490 836 1539 goffipia
851 1516 861 1532 ‚
885 1489 977 1531 se-D
990 1492 1150 1525 veritatis
1169 1514 1180 1530 ‚
1204 1494 1235 1526 &
1260 1506 1347 1530 verae
1369 1494 1480 1530 laudis
1503 1499 1620 1544 plena.
1658 1500 1740 1533 Non
1764 1494 1883 1538 fingu-

22 1543 116 1577 ¹rica
139 1564 150 1580 ‚
187 1539 364 1576 frumenta
395 1559 407 1576 ‚
432 1546 627 1584 caeteraeque
653 1536 768 1583 fruges
789 1559 800 1576 ‚
825 1548 930 1586 atque
988 1538 1038 1571 los
1065 1536 1217 1583 quosque
1245 1540 1438 1576 literatores
1468 1564 1480 1581 ‚
1516 1546 1545 1578 &
1567 1543 1685 1590 aliqua
1720 1541 1881 1577 dofflina

19 1589 160 1620 ²omnis
186 1586 324 1632 generis
347 1594 450 1630 poma
484 1605 497 1623 ‚
527 1585 616 1618 item
638 1581 755 1618 fontes
780 1604 792 1621 ‚
823 1596 930 1631 aqua·
986 1581 1144 1617 imbutos
1165 1605 1176 1621 ,
1201 1582 1256 1618 sed
1282 1587 1464 1626 literatos,
1489 1591 1521 1623 &5
1542 1589 1699 1624 scientiis
1715 1585 1878 1623 'eruditos

38 1642 193 1677 rumque
217 1629 443 1674 scaturigines
465 1649 477 1667 ,
516 1630 604 1663 item
637 1629 801 1674 pecuaria
822 1651 834 1669 ‚
869 1641 929 1674 pa·
1032 1626 1202 1662 celebrate
1228 1655 1238 1663 .
1274 1632 1449 1668 Caeterum
1487 1644 1526 1669 ut
1555 1634 1599 1669 fic
1625 1636 1743 1669 omnis
1767 1633 1837 1675 Ita*-⁴

21 1675 128 1712 'bula
150 1698 163 1716 ‚
188 1676 432 1712 venationes,
453 1676 605 1720 aucupia
636 1676 669 1708 &
693 1674 763 1708 haec
785 1672 866 1709 satis
890 1688 929 1709 o·
1075 1672 1124 1706 lia
1139 1672 1352 1711 describatur
1366 1700 1378 1717 ‚
1405 1689 1494 1714 curae
1508 1681 1569 1717 effe
1591 1679 1693 1714 debet
1717 1680 1792 1715 eius

21 1722 251 1768 ptimasper
275 1729 387 1755 totam
415 1721 592 1764 regionem
625 1719 749 1763 paffim
773 1740 786 1758 ‚
822 1729 927 1767 atque
1119 1720 1353 1766 optimatibus
1393 1745 1404 1761 ‚
1438 1725 1593 1761 eruditos
1628 1728 1659 1759 ει
1693 1725 1746 1766 ju..

39 1762 180 1802 affatim
205 1766 299 1802 fiunt
315 1789 325 1799 .
350 1764 495 1809 Ubique
519 1762 769 1799 saluberrimus
792 1778 874 1805 aer,
900 1769 932 1801 &
1171 1763 1269 1800 dicio
1303 1766 1465 1813 praeditos
1493 1773 1587 1806 viros
1620 1770 1710 1805 deli..

38 1811 202 1857 praeclara
240 1812 399 1845 virorum
435 1811 578 1853 ingenia
607 1811 729 1854 vigent
756 1836 765 1844 .
805 1811 865 1851 Sed
890 1812 932 1846 de
1215 1822 1294 1859 gere
1321 1834 1333 1853 ,
1370 1816 1400 1847 &
1425 1816 1637 1852 muneribus

19 1858 21 1860 ’
39 1857 96 1892 his
116 1857 364 1902 particulatim
385 1857 605 1889 mentionem
626 1855 778 1890 fecimus
803 1878 816 1895 ‚
855 1869 931 1904 quae
1339 1857 1504 1898 adiuvare
1519 1888 1530 1899 ,

21 1902 121 1935 <aliis
143 1902 377 1948 praestantiora
404 1898 572 1934 videntur
601 1925 611 1934 .
648 1903 772 1948 Neque
794 1914 866 1938 uno
891 1905 931 1938 in
1394 1910 1411 1927 ²*
1461 1912 1481 1936 ἡ

37 1946 116 1985 ioco
127 1958 259 1991 manna
284 1947 414 1993 legitur
442 1968 456 1987 ‚
480 1943 538 1981 sed
559 1945 669 1994 yulgb
692 1958 812 1997 prope.
851 1950 930 1985 Me-
1427 1957 1443 1974 ²*

1680 3520 1821 3557 FRAN-
