2404 3882
72 307 965 512 X'Nromr
1040 318 1929 516 GALATffi

20 563 21 635 j
177 553 1814 631 PHILOSOPHLETMEDICI

562 670 1436 725 PRAESTANTISSIM1,·

256 771 1739 875 DESITUJAPYGIAE

136 900 236 964 ,Ad
276 904 652 961 Clarissimum
690 910 877 962 virum
920 911 1167 967 loannem
1210 912 1496 983 Baptistam
1524 914 1852 986 Spinellum,

701 986 977 1045 Comitem
997 991 1242 1046 Choriati
1263 1027 1277 1044 .

354 1151 362 1160 =
408 1137 557 1184 Alpibus
581 1148 699 1173 ortum
723 1139 856 1176 habens
873 1165 883 1180 ,
910 1141 966 1175 su-

223 1210 248 1225 ,,
276 1216 280 1229 x
334 1224 337 1227 K
408 1195 510 1230 pero,
534 1186 565 1217 Sc
593 1183 708 1218 infero
733 1189 824 1220 mari
854 1187 969 1221 ablui-

178 1245 208 1272 -ι,
226 1231 278 1256 ···“-
408 1239 466 1264 tut
493 1251 506 1269 ,
531 1232 570 1264 in
595 1240 664 1273 quo
697 1238 814 1265 ortum
838 1231 968 1278 hyber-

219 1270 223 1280 ’
362 1278 365 1288 ¹
406 1287 518 1313 num,
545 1274 773 1309 &meridiem
798 1276 967 1320 porret‘la,

408 1321 607 1365 perpetuis⁴
627 1321 811 1361 Apennini
836 1322 928 1365 jugis
954 1344 965 1361 ,

404 1365 540 1400 duabus
568 1362 789 1410 peninsulis‚
818 1366 870 1400 seu
898 1369 967 1406 (ut

392 1412 507 1445 Graeci
530 1409 658 1444 dicunt
684 1415 697 1450 j
722 1409 930 1445 chersonesis
957 1433 969 1449 ,

67 1460 194 1497 finitur
217 1483 226 1493 .
261 1461 349 1504 Q’st‘
375 1455 471 1503 quali
497 1457 645 1502 vertices
670 1453 780 1493 sunt,
807 1454 861 1489 seu
887 1459 968 1491 coni

68 1505 184 1541 bifidae
206 1503 341 1540 arboris
370 1523 380 1535 ι
405 1504 468 1536 Hae
496 1500 688 1547 peninsuloe
713 1521 723 1537 2
765 1503 795 1534 Sc
822 1503 968 1536 interia-

64 1561 147 1585 cens
173 1561 232 1584 ora
258 1571 271 1589 ,
309 1548 470 1589 antiquis
497 1545 719 1591 temporibus
755 1559 826 1580 non
854 1545 964 1582 solum

65 1598 199 1630 creteris
225 1597 350 1630 terris:
376 1590 430 1626 sed
457 1589 518 1637 ipsi
545 1601 684 1636 quoque
710 1592 852 1626 Graeciae
882 1603 965 1637 prae-

65 1641 144 1675 latae
161 1663 171 1679 ,
197 1640 243 1674 ob
272 1642 453 1685 ingentem
469 1659 479 1674 ,
495 1638 527 1670 δε
552 1634 721 1675 urbium,
748 1641 778 1670 ὃς
801 1639 963 1672 virorum

66 1685 296 1721 nobilitatem
322 1707 334 1722 ‚
371 1686 402 1718 &
426 1683 507 1716 coeli
538 1682 765 1717 clementiam
793 1704 804 1720 ,
844 1684 874 1716 <Se
899 1681 960 1716 soli

65 1730 263 1765 ubertatem
291 1730 436 1771 (Graecis
458 1725 624 1761 omnibus
637 1726 959 1770 consentientibus)

69 1788 199 1811 nomen
240 1774 302 1808 fibi
342 1784 478 1819 magnae
511 1772 654 1805 Graeciae
689 1773 926 1816 vendicavere
947 1799 956 1808 .

69 1821 176 1856 Nunc
201 1819 363 1858 affliffls,
387 1829 426 1853 ac
452 1816 622 1861 perditis,
650 1816 843 1861 priscorum
866 1820 962 1852 Grae..

68 1877 191 1901 corum
214 1864 316 1900 rebus
341 1886 352 1903 ‚
390 1866 420 1897 δι
445 1863 572 1897 dehinc
596 1860 710 1896 deleto
748 1865 785 1897 iu
815 1866 961 1898 Oriente

69 1914 231 1946 Romano
265 1911 416 1954 imperio
441 1931 452 1946 ‚
489 1908 561 1942 liaec
583 1918 721 1952 quoque
761 1920 820 1943 ora
858 1909 961 1943 simul

66 1955 252 1995 concidit,
282 1957 313 1988 Sc
337 1964 377 1989 ut
407 1952 586 1996 quondam
611 1954 741 1987 Graecis
767 1963 885 1989 totum
910 1953 959 1987 fe-

69 2000 105 2037 re
131 2003 315 2036 internum
340 2011 435 2034 mare
453 2021 464 2036 ‚
493 1997 685 2032 Maffiliam
710 2021 720 2037 ,
749 2002 780 2034 δε
803 2000 960 2045 Aphricae

69 2058 165 2080 oram
181 2069 191 2084 ,
207 2050 407 2092 Aegyptum
422 2066 434 2083 ‚
449 2046 584 2090 Syriam
602 2064 612 2080 ⁷
628 2043 758 2082 Aliam,
773 2048 961 2084 Graeciam,

69 2094 98 2126 δὲ
127 2093 292 2132 majorem
324 2091 432 2125 ltaliae
458 2098 592 2134 partem
615 2112 625 2127 ,
654 2091 811 2125 Siciliam
842 2113 852 2129 ,
879 2092 962 2125 Cre-

68 2136 430 2182 tamq3tenentibus‚
456 2136 526 2170 haec
550 2147 607 2168 ora
634 2137 671 2168 in
688 2137 863 2170 umbilico
888 2145 962 2169 erat

67 2184 233 2220 Graeciae,
259 2181 303 2216 fic
321 2190 416 2215 nunc
443 2178 582 2218 diviso,
609 2178 682 2214 imb
710 2184 827 2225 potius
851 2179 970 2215 discis-

69 2226 104 2261 so
127 2235 302 2261 terrarum
332 2224 440 2265 orbe,
465 2228 495 2260 δε
520 2227 652 2260 Graecis
681 2248 692 2264 ,
720 2225 879 2274 latinisq3
903 2225 971 2259 dis-

69 2271 307 2308 sentientibus
335 2293 347 2309 ,
385 2272 416 2303 &
442 2274 617 2305 Saracenis
655 2270 823 2317 Tuscisq3
853 2283 971 2305 rerum

68 2318 218 2362 potitis,
248 2319 286 2350 in
312 2324 471 2351 extremo
497 2318 640 2360 penitus
665 2318 796 2362 angulo
823 2318 892 2351 est.
919 2320 970 2351 O·

69 2373 169 2397 mnes
191 2362 294 2396 huius
311 2374 377 2396 orae
400 2360 504 2395 urbes
530 2372 752 2405 percurrere,
778 2364 808 2395 ὃς
825 2363 969 2396 illarum

71 2419 124 2442 res
148 2407 253 2452 gestas
279 2419 419 2441 narrare
442 2428 453 2445 ‚
482 2418 552 2438 non
580 2407 623 2439 est
654 2406 816 2451 perpofiti
847 2407 966 2444 nostri,

71 2463 137 2487 nec
165 2449 305 2486 tantum
334 2453 423 2486 mihi
451 2450 469 2485 ’ἒι
494 2449 758 2485 laborioiiffima
784 2463 857 2486 arte
893 2464 969 2487 mea

72 2499 141 2532 ocii
168 2498 364 2533 conceffurn
391 2497 435 2532 est
475 2522 484 2531 .
522 2499 563 2530 ln
595 2496 659 2530 hac
698 2497 932 2541 Hydruntum
958 2519 969 2535 ,

73 2543 284 2589 Callipolis,
311 2544 482 2577 Neritum
500 2563 510 2580 ,
537 2543 567 2574 δε
593 2541 683 2575 unde
705 2543 796 2578 mihi
821 2546 969 2589 antiqua

73 2590 173 2632 origo
195 2588 240 2622 est
267 2610 278 2627 ,
301 2587 473 2622 Calatana
496 2607 507 2624 2
536 2585 768 2622 Brundusium
797 2611 807 2627 ,
836 2591 971 2622 Taren-

74 2643 180 2671 tum,
206 2634 436 2678 Metapontus
460 2654 472 2672 ι,
497 2635 666 2668 Heraclea
693 2656 704 2671 ‚
728 2635 857 2668 Thurii
884 2656 894 2672 ‚
912 2636 971 2678 Sy-

74 2678 194 2716 baris,
220 2679 354 2712 Croton
376 2700 386 2716 ,
412 2680 542 2715 Locri,
568 2678 742 2723 Rhegium
767 2702 778 2718 ,
803 2681 969 2717 Messana,

72 2722 239 2770 Syracusae
254 2746 265 2762 ,
292 2726 321 2757 δι
338 2732 376 2757 ut
391 2725 480 2758 mihi
504 2723 714 2758 constituam
730 2747 740 2764 ‚
761 2726 845 2759 tales
857 2733 971 2762 erant,

77 2768 257 2815 quondam
288 2769 338 2804 hae
360 2769 462 2803 urbes
487 2790 499 2806 ,
524 2769 643 2809 quales
668 2792 678 2807 ‚
706 2783 781 2817 quae
804 2782 899 2804 nunc
928 2772 966 2803 in

72 2815 175 2851 ltalia
191 2815 365 2848 habentur
383 2812 608 2848 nobiliffimae
623 2839 632 2847 .
658 2818 728 2849 Hic
754 2814 771 2849 ἒῑ
786 2814 966 2851 Pherecide

76 2862 186 2905 Syro,
213 2860 317 2895 fluxit
337 2860 459 2895 Italica
485 2857 728 2904 philosophia:
751 2862 812 2895 'hic
840 2862 965 2907 Pytha-

75 2908 193 2951 gorica
206 2904 418 2946 disciplina:
441 2906 501 2939 hic
515 2916 626 2938 mores
643 2927 652 2943 ‚
679 2906 738 2939 hic
752 2904 842 2950 apud
870 2908 968 2940 Grae·

75 2961 132 2984 cos
157 2950 264 2993 (teste
291 2950 496 2991 Aristotele)
519 2952 632 2993 prima
656 2950 891 2985 benevivendi
913 2953 969 2984 in-

75 2995 221 3034 stituta,
251 2997 357 3041 primi
385 2995 570 3028 couvi-fios
595 3020 604 3028 .
633 2998 738 3029 Primi
763 2998 852 3042 leges
885 2995 968 3030 scri-

76 3048 154 3085 ptas
183 3039 304 3074 dedere
329 3041 457 3074 Thurii
487 3063 498 3078 ,
521 3040 611 3086 apud
639 3053 726 3088 quos
750 3044 878 3076 Graecae
911 3043 969 3076 hi-

75 3085 183 3121 storiae
207 3095 303 3130 pater
328 3083 528 3120 Herodotus
567 3084 639 3119 suas
666 3087 800 3134 scriplit
836 3087 968 3121 Musas.

76 3133 184 3168 Nunc
204 3140 360 3176 tempore
385 3152 396 3169 ‚
421 3133 452 3164 &
477 3131 645 3166 vetustate
670 3135 791 3167 omnia
816 3130 966 3176 collapsa

77 3174 179 3211 sunt.
204 3178 310 3211 Nunc
335 3176 556 3215 inconstans,
583 3187 621 3210 ac
649 3178 782 3213 lubrica
812 3177 970 3216 fortuna,

78 3232 154 3267 ‹iu-<ee
177 3233 229 3256 res
254 3221 467 3259 hominum,
485 3230 561 3268 atqz
586 3224 738 3268 Imperia
755 3222 826 3271 ipsa
841 3245 853 3261 ‚
876 3233 971 3258 nunc

78 3267 173 3305 huc,
200 3277 296 3300 nunc
317 3267 402 3301 illuc
431 3269 569 3309 agitans
591 3288 601 3305 ‚
626 3270 746 3302 omnia
771 3267 971 3311 permiscet,

79 3322 118 3345 ac
145 3310 351 3357 perturbat,
380 3308 451 3344 alib
473 3314 581 3346 vertit
607 3311 662 3345 sua
689 3325 858 3348 munera.
885 3316 968 3347 Haec

77 3355 198 3390 eadem
224 3358 383 3400 regiones
407 3377 417 3393 ,
448 3355 548 3390 urbes
576 3378 588 3394 2
612 3367 733 3401 gentes
761 3381 773 3397 ,
796 3361 938 3402 linguas
956 3380 969 3396 2

79 3399 234 3434 familias
259 3423 270 3439 ,
296 3413 391 3435 nunc
418 3401 477 3435 has
501 3402 642 3435 extollit
666 3424 678 3440 ,
717 3414 812 3438 nunc
835 3402 967 3436 easdem

80 3445 249 3490 deprimit
266 3470 276 3481 .
297 3448 397 3489 Quin
423 3449 558 3484 etiam,
585 3449 616 3480 Sc
639 3445 728 3491 ipsas
751 3459 874 3493 regum
901 3469 912 3486 ,
939 3451 971 3482 Sc

81 3493 291 3534 populorum
321 3493 409 3536 leges
435 3512 446 3528 ‚
485 3494 515 3525 &
549 3494 660 3525 varias
683 3493 871 3538 religiones
897 3514 908 3531 ,
939 3496 971 3528 δε

82 3535 153 3585 ipsa
181 3531 409 3583 philosophiae
428 3537 490 3581 (ut
515 3537 720 3584 Aristoteles
749 3541 800 3575 ait
824 3540 838 3579 >
861 3535 972 3580 scita,

75 1123 81 1206 ἑ

76 1214 81 1256 ε

182 1123 200 1129 ..
226 1099 371 1131 ft·---
391 1093 466 1128 UAE
481 1103 578 1127 nunc
603 1094 706 1128 Italia
734 1093 893 1136 dicitur,
921 1096 1007 1139 abA
1028 1100 1056 1133 86
1076 1098 1241 1143 dogmata
1270 1119 1281 1135 2
1318 1105 1499 1142 permutat
1528 1122 1537 1131 ·

973 2882 1008 2924 E

1577 1104 1680 1138 Nihil
1709 1103 1753 1137 est
1791 1103 1825 1134 in
1852 1110 1926 1137 tam

1025 1155 1155 1187 magno
1185 1164 1195 1179 ,
1221 1152 1260 1175 ac
1287 1141 1442 1176 volubili
1468 1154 1569 1188 opere
1599 1170 1610 1185 ‚
1636 1146 1727 1194 quod
1757 1147 1929 1185 firmum,

1026 1199 1086 1223 aut
1113 1187 1235 1222 stabile
1257 1185 1312 1222 sit.
1340 1189 1506 1220 Extremi
1523 1194 1633 1225 totius
1658 1207 1723 1227 Osae
1750 1193 1825 1225 dure
1843 1192 1924 1226 sunt

1026 1236 1079 1273 (ut
1105 1234 1194 1273 dixi)
1223 1230 1433 1276 peninsulae.
1461 1233 1547 1278 Qae
1577 1236 1616 1269 ad
1644 1238 1830 1272 meridiem
1860 1236 1931 1282 spp.=

1024 1280 1094 1315 &kat
1122 1301 1132 1317 ,
1168 1281 1198 1311 δε
1225 1278 1265 1310 ad
1293 1278 1453 1310 Siculum
1478 1284 1594 1325 vergit
1622 1282 1753 1318 fretum
1782 1305 1792 1320 ,
1820 1282 1926 1321 pauli)

1025 1327 1151 1359 maiori
1176 1322 1311 1357 ambitu
1349 1323 1509 1366 cingitur
1535 1347 1545 1360 ,
1574 1327 1751 1362 clauditur
1786 1327 1926 1365 isthmo,

1026 1374 1087 1415 qui
1111 1370 1154 1404 est
1183 1367 1199 1402 ὲ
1223 1368 1423 1414 Scyllaceoa
1449 1368 1489 1402 ad
1516 1373 1774 1418 HIpponiatem
1801 1371 1931 1411 sinum,

1027 1417 1082 1453 seu
1123 1420 1136 1456 (
1162 1423 1200 1448 ut
1228 1413 1426 1447 Aristoteles
1454 1415 1503 1446 ait
1531 1418 1541 1457 )
1582 1417 1598 1451 ᾗ
1626 1418 1812 1463 scylletjco
1841 1440 1851 1456 .,
1887 1417 1929 1451 „qd

1030 1462 1278 1497 Lameticum,
1306 1460 1399 1491 iuter
1428 1467 1577 1506 utrunq3
1601 1463 1722 1496 eodem
1750 1464 1896 1497 authore
1914 1486 1924 1501 ‚

1029 1511 1094 1541 iter
1120 1507 1163 1539 est
1189 1504 1310 1539 medice
1337 1501 1436 1538 diei.
1459 1506 1579 1539 Strabo
1600 1506 1758 1554 spacium
1776 1508 1837 1542 effe
1860 1511 1930 1543 ait.

1026 1554 1127 1586 CLX
1153 1550 1365 1585 stadiorum·
1392 1548 1573 1595 Nusquam
1600 1553 1834 1597 angustiorem
1863 1553 1927 1588 effe

1027 1599 1169 1632 Italiam
1197 1596 1331 1630 Plinius
1360 1595 1408 1626 ait
1435 1620 1444 1628 .
1485 1599 1566 1630 Haec
1593 1599 1635 1632 est
1667 1598 1806 1642 proprie
1833 1599 1926 1633 disi-a

1024 1644 1150 1678 Italia,
1178 1641 1221 1674 ab
1249 1640 1339 1674 Italo
1368 1650 1443 1684 rege
1472 1662 1482 1678 ,
1518 1641 1611 1676 unde
1635 1645 1813 1687 Virgilius
1843 1647 1924 1678 Ari-

1020 1688 1155 1723 stotelis
1179 1685 1389 1762 sentengiam
1432 1684 1472 1718 ad
1498 1687 1649 1725 verbum
1687 1688 1839 1725 referens
1874 1691 1926 1725 ait

1106 1732 1293 1774 lib-1.v.53
1324 1756 1333 1764 .

1064 1802 1214 1835 Oenotrii
1225 1801 1352 1834 colfftere
1362 1798 1433 1832 vt'rl'
1448 1821 1459 1837 ,
1476 1802 1677 1844 num-frma
1692 1806 1819 1837 minore
1827 1817 1856 1844 ς,

1070 1845 1210 1880 Italiam
1221 1845 1336 1890 dixiſje
1348 1846 1457 1879 Ducis
1473 1845 1511 1880 de
1525 1852 1658 1881 nomine
1669 1860 1815 1893 gentem.

1018 1917 1127 1951 Hunc
1150 1909 1320 1948 universae
1349 1914 1460 1949 Italiae
1487 1928 1617 1951 nomen
1638 1917 1763 1955 dedisse
1788 1928 1929 1956 certum

1019 1961 1061 1994 est
1083 1985 1091 1994 .
1123 1964 1355 2004 Propagatum
1383 1958 1464 1994 inde
1488 1973 1616 1996 nomen
1646 1987 1655 2000 ,
1684 1966 1928 2011 Campaniam,

1020 2010 1049 2040 Sc
1083 2007 1229 2040 Latium
1266 2006 1562 2050 comprehendit,
1591 2010 1621 2041 δέ
1647 2007 1800 2052 asupero
1822 2013 1928 2049 mari,

1019 2052 1215 2087 Salentinos
1242 2073 1253 2090 ‚
1294 2052 1427 2095 Apulos
1455 2074 1465 2090 ,
1494 2054 1704 2088 Ferentanos
1731 2078 1742 2093 ,
1771 2055 1928 2094 Marsos,

1021 2100 1166 2132 Picenos
1192 2116 1202 2133 ,
1247 2096 1330 2130 inde
1362 2099 1569 2132 Hetruriam
1598 2121 1608 2136 ,
1646 2103 1675 2134 δε
1718 2103 1927 2139 Liouriam,

1028 2141 1105 2187 usq,
1131 2139 1172 2174 ad
1204 2142 1339 2175 Varum
1369 2154 1509 2176 amnem
1534 2165 1544 2181 ,
1585 2146 1616 2177 δε
1643 2147 1748 2190 [ilpes
1763 2136 1928 2180 “Venetas

1030 2191 1058 2221 ὃ(
1084 2185 1193 2232 usque
1213 2185 1257 2219 ad
1286 2186 1442 2221 confinia
1474 2188 1629 2234 Illyridis
1657 2215 1666 2224 .
1693 2193 1742 2225 De
1764 2190 1926 2226 universa

1029 2234 1130 2267 Italia
1154 2232 1268 2266 dicere
1287 2255 1297 2270 ,
1317 2243 1380 2266 nec
1408 2234 1625 2278 propolitnm
1653 2237 1743 2270 mihi
1768 2237 1836 2275 est,
1861 2248 1924 2270 nec

1031 2280 1166 2311 ocium.
1195 2280 1246 2311 De
1275 2279 1381 2311 altera
1406 2279 1588 2318 peninsula
1609 2300 1619 2315 ¹>
1637 2292 1712 2326 quai:
1739 2284 1925 2317 Orientem

1026 2321 1152 2367 spefflat
1177 2344 1188 2360 ,
1229 2333 1338 2367 pauca
1374 2321 1414 2354 ‹le
1443 2325 1570 2359 multis
1611 2326 1837 2372 perstringere
1870 2339 1927 2361 me

1026 2375 1166 2414 oportet
1206 2389 1218 2404 ,
1257 2369 1427 2412 quoniam
1463 2367 1496 2401 id
1524 2370 1589 2403 tibi
1631 2372 1764 2416 placere
1801 2371 1925 2410 video,

1031 2414 1131 2453 cujus
1156 2411 1251 2452 jussis
1277 2413 1349 2453 jure
1373 2413 1463 2446 mihi
1490 2410 1621 2460 semper
1647 2416 1840 2460 parendum
1868 2417 1925 2451 est.

1033 2460 1082 2492 Ut
1104 2458 1164 2490 illa
1192 2457 1513 2499 (quemadmodum
1534 2458 1691 2496 diximus
1714 2463 1727 2503 )
1753 2460 1770 2496 ὲ
1796 2464 1926 2509 Scylla-

1027 2513 1111 2540 ceo,
1135 2503 1175 2535 ad
1200 2506 1461 2549 Hippouiatem
1488 2502 1603 2540 linum
1631 2529 1649 2547 9
1673 2506 1718 2541 fic
1738 2531 1748 2547 ,
1778 2510 1810 2542 &
1840 2512 1925 2546 haec,

1029 2546 1046 2581 ¹21
1073 2547 1266 2582 ssmndufio
1291 2550 1509 2587 Tarentum,
1536 2552 1565 2584 ὃς
1591 2552 1745 2592 Isthmo,
1772 2553 1825 2587 sed
1849 2555 1926 2587 lon-

1028 2595 1116 2640 ²‹giori
1141 2592 1319 2627 clauditur
1335 2619 1343 2627 .
1366 2597 1451 2627 Sunt
1471 2597 1567 2630 euim
1592 2596 1608 2630 ὲ
1640 2597 1836 2633 Brundulio
1856 2601 1928 2632 Ta-

1028 2647 1194 2677 rentum,
1218 2639 1331 2672 millia
1356 2638 1513 2683 passuum
1540 2644 1681 2678 circiter
1708 2645 1774 2678 XL
1790 2667 1799 2683 ,
1823 2643 1840 2678 a
1856 2646 1927 2677 Ta-

1029 2692 1129 2718 rento
1154 2683 1363 2727 Callipolim
1389 2706 1401 2722 ,
1425 2686 1542 2720 millia
1570 2689 1727 2732 passuum
1763 2694 1804 2724 L.
1839 2689 1924 2724 Inde

1025 2731 1214 2776 Japygium
1238 2733 1544 2773 promontorium,
1570 2733 1691 2780 (quod
1715 2735 1776 2768 alii
1809 2738 1926 2769 Salen-

1025 2776 1164 2813 tinum,
1194 2774 1256 2807 alii
1284 2774 1465 2808 Salentum
1488 2798 1498 2813 ‚
1528 2780 1642 2813 Graeci
1671 2783 1798 2814 Acram
1819 2782 1924 2826 Japv-

1024 2823 1121 2864 giam
1158 2819 1369 2866 appellant)
1410 2822 1526 2855 millia
1553 2824 1710 2866 paffuum
1735 2837 1796 2859 xx.
1837 2819 1925 2860 Inde

1026 2866 1259 2910 Hydruntum
1281 2886 1291 2902 ‚
1314 2864 1407 2910 quod
1435 2867 1514 2900 teste
1541 2869 1723 2903 Leonardo
1757 2874 1920 2909 Arretino,

1025 2912 1200 2944 ultimum
1225 2909 1270 2942 est
1296 2909 1494 2949 Calabriae,
1515 2915 1629 2948 millia
1659 2914 1815 2959 passuum
1837 2927 1923 2951 xxx„

1026 2957 1124 2991 Hinc
1148 2952 1384 2989 Brundusium
1410 2960 1449 2989 L-
1465 2961 1577 2992 Totus
1605 2960 1762 2994 ambitus
1792 2963 1835 2996 est
1858 2972 1922 2995 cxc

1026 3000 1144 3036 millia
1171 2998 1331 3044 passuum
1359 3024 1369 3034 .
1406 3002 1457 3035 Ut
1483 3003 1546 3037 illa
1578 3008 1794 3052 Leucopetra
1824 3030 1835 3045 ,
1862 3009 1921 3040 cui

1026 3048 1237 3090 navigantes
1275 3049 1453 3092 temporis
1488 3049 1627 3088 nostri,
1663 3049 1680 3084 ὲ
1717 3050 1923 3087 discrimine

1023 3100 1241 3129 ventorum,
1267 3101 1395 3125 nomen
1427 3093 1633 3128 indiderunt
1658 3118 1669 3135 ,
1703 3098 1751 3130 ita
1775 3099 1844 3132 haec
1863 3098 1921 3144 Ja-

1028 3139 1134 3184 pygio
1159 3139 1406 3180 promontorio
1426 3142 1662 3179 terminatur,
1689 3142 1819 3187 quibus
1846 3144 1922 3187 api-

1030 3181 1155 3219 cibus,
1182 3181 1336 3215 maxime
1363 3184 1402 3216 in
1430 3195 1524 3217 mare
1552 3189 1709 3220 excurrit
1738 3189 1922 3223 Italia-U.-

1029 3238 1182 3273 trunque
1204 3238 1403 3276 extremum
1429 3228 1511 3262 finis
1527 3230 1570 3264 est
1598 3235 1796 3277 Apennini.
1826 3237 1921 3268 Nam

1026 3282 1067 3306 ut
1093 3272 1195 3306 ltalia
1211 3293 1223 3310 ‚
1247 3272 1292 3305 {lc
1314 3294 1324 3310 ‚
1347 3274 1377 3305 &
1404 3276 1616 3318 Apenninus
1641 3276 1863 3314 bifurcatur:
1889 3283 1920 3314 δε

1025 3327 1066 3351 ut
1093 3318 1197 3351 ltalia
1223 3317 1377 3360 Alpibus
1401 3340 1411 3357 ‚
1436 3318 1481 3352 lic
1509 3323 1538 3354 ὅ(
1559 3322 1706 3369 Japygia
1733 3324 1918 3358 monthus

1025 3359 1257 3411 circumsepta
1282 3362 1353 3400 est,
1380 3376 1450 3413 non
1480 3369 1588 3400 nimis
1615 3369 1721 3407 altis,
1749 3369 1801 3403 sed
1832 3372 1919 3412 lapi-⁷

1026 3408 1139 3445 dolis,
1165 3409 1195 3440 &
1224 3412 1413 3442 nemorolis
1434 3433 1444 3442 .
1469 3414 1522 3446 Hi
1550 3410 1641 3447 ultra
1669 3414 1919 3453 Brunduriusm

1032 3455 1064 3487 &
1092 3453 1290 3486 Tarentum
1316 3474 1330 3492 ,
1364 3452 1434 3488 fere
1469 3456 1510 3490 ad
1538 3466 1717 3504 utrunque
1743 3471 1836 3494 mare
1863 3459 1923 3493 de-

1029 3495 1199 3531 scendunt
1228 3520 1239 3529 .
1270 3499 1360 3534 Sunt
1383 3503 1446 3545 qui
1470 3502 1639 3538 Isthmum
1667 3514 1806 3549 ponunt
1828 3527 1838 3542 ‚
1875 3505 1920 3538 ab

1035 3544 1186 3588 Egnatia
1204 3565 1215 3584 ‚
1239 3544 1269 3577 ὃς
1282 3545 1470 3592 Monopoli
1485 3569 1496 3587 ,
1522 3547 1626 3593 usque
1644 3551 1863 3598 Tarentum:
1883 3550 1920 3583 iti.

1804 3600 1881 3642 ipa*
