<?xml version="1.0" encoding="UTF-8"?>
<!DOCTYPE html PUBLIC "-//W3C//DTD XHTML 1.0 Transitional//EN"
    "http://www.w3.org/TR/xhtml1/DTD/xhtml1-transitional.dtd">
<html xmlns="http://www.w3.org/1999/xhtml" xml:lang="en" lang="en">
 <head>
  <title>
</title>
<meta http-equiv="Content-Type" content="text/html;charset=utf-8" />
  <meta name='ocr-system' content='tesseract 3.04.00' />
  <meta name='ocr-capabilities' content='ocr_page ocr_carea ocr_par ocr_line ocrx_word'/>
</head>
<body>
  <div class='ocr_page' id='page_1' title='image "./delectusscriptor00gior_0046.png"; bbox 0 0 2404 3882; ppageno 0'>
   <div class='ocr_carea' id='block_1_1' title="bbox 469 108 1026 164">
    <p class='ocr_par' dir='ltr' id='par_1_1' title="bbox 469 108 1026 164">
     <span class='ocr_line' id='line_1_1' title="bbox 469 108 1026 164; baseline 0.011 -16"><span class='ocrx_word' id='word_1_1' title='bbox 469 125 519 164; x_wconf 76' lang='lat'>51</span> <span class='ocrx_word' id='word_1_2' title='bbox 876 108 1026 154; x_wconf 72' lang='lat' dir='ltr'>DE</span> 
     </span>
    </p>
   </div>
   <div class='ocr_carea' id='block_1_2' title="bbox 411 201 1338 708">
    <p class='ocr_par' dir='ltr' id='par_1_2' title="bbox 411 201 1338 708">
     <span class='ocr_line' id='line_1_2' title="bbox 413 201 1335 247; baseline 0.002 -5"><span class='ocrx_word' id='word_1_3' title='bbox 413 219 485 242; x_wconf 77' lang='lat' dir='ltr'>non</span> <span class='ocrx_word' id='word_1_4' title='bbox 507 205 607 241; x_wconf 85' lang='lat' dir='ltr'>enim</span> <span class='ocrx_word' id='word_1_5' title='bbox 628 201 698 235; x_wconf 61' lang='lat' dir='ltr'>hxc</span> <span class='ocrx_word' id='word_1_6' title='bbox 722 203 799 247; x_wconf 79' lang='lat' dir='ltr'>pars</span> <span class='ocrx_word' id='word_1_7' title='bbox 826 204 954 241; x_wconf 84' lang='lat' dir='ltr'>vallem</span> <span class='ocrx_word' id='word_1_8' title='bbox 977 207 1113 243; x_wconf 78' lang='lat' dir='ltr'>clandit</span> <span class='ocrx_word' id='word_1_9' title='bbox 1142 220 1225 244; x_wconf 87' lang='lat' dir='ltr'>cum</span> <span class='ocrx_word' id='word_1_10' title='bbox 1260 212 1335 244; x_wconf 85' lang='lat' dir='ltr'>Sar-</span> 
     </span>
     <span class='ocr_line' id='line_1_3' title="bbox 411 248 1332 301; baseline 0.007 -17"><span class='ocrx_word' id='word_1_11' title='bbox 411 264 462 288; x_wconf 63' lang='lat' dir='ltr'>no</span> <span class='ocrx_word' id='word_1_12' title='bbox 484 258 605 287; x_wconf 86' lang='lat' dir='ltr'>monte</span> <span class='ocrx_word' id='word_1_13' title='bbox 629 270 640 286; x_wconf 61' lang='lat'>³</span> <span class='ocrx_word' id='word_1_14' title='bbox 666 248 777 282; x_wconf 85' lang='lat' dir='ltr'>veluti</span> <span class='ocrx_word' id='word_1_15' title='bbox 816 249 974 296; x_wconf 80' lang='lat' dir='ltr'>reliquus</span> <span class='ocrx_word' id='word_1_16' title='bbox 1012 254 1143 290; x_wconf 84' lang='lat' dir='ltr'>collis:</span> <span class='ocrx_word' id='word_1_17' title='bbox 1184 267 1332 301; x_wconf 86' lang='lat' dir='ltr'>quamo-</span> 
     </span>
     <span class='ocr_line' id='line_1_4' title="bbox 414 293 1330 345; baseline 0.01 -20"><span class='ocrx_word' id='word_1_18' title='bbox 414 297 514 334; x_wconf 61' lang='lat' dir='ltr'>brem</span> <span class='ocrx_word' id='word_1_19' title='bbox 538 293 679 330; x_wconf 73' lang='lat' dir='ltr'>dextera</span> <span class='ocrx_word' id='word_1_20' title='bbox 708 293 779 333; x_wconf 79' lang='lat' dir='ltr'>ejus</span> <span class='ocrx_word' id='word_1_21' title='bbox 802 295 882 340; x_wconf 64' lang='lat' dir='ltr'>iuga</span> <span class='ocrx_word' id='word_1_22' title='bbox 906 295 968 332; x_wconf 81' lang='lat' dir='ltr'>soli</span> <span class='ocrx_word' id='word_1_23' title='bbox 998 298 1068 345; x_wconf 86' lang='lat' dir='ltr'>post</span> <span class='ocrx_word' id='word_1_24' title='bbox 1099 310 1330 339; x_wconf 84' lang='lat' dir='ltr'>ortum‚me-</span> 
     </span>
     <span class='ocr_line' id='line_1_5' title="bbox 415 341 1327 392; baseline 0.005 -18"><span class='ocrx_word' id='word_1_25' title='bbox 415 343 627 386; x_wconf 63' lang='lat' dir='ltr'>gidianoque</span> <span class='ocrx_word' id='word_1_26' title='bbox 651 359 663 376; x_wconf 77' lang='lat'><strong>‚</strong></span> <span class='ocrx_word' id='word_1_27' title='bbox 689 347 794 385; x_wconf 79' lang='lat' dir='ltr'>atque</span> <span class='ocrx_word' id='word_1_28' title='bbox 825 341 896 384; x_wconf 85' lang='lat' dir='ltr'>post</span> <span class='ocrx_word' id='word_1_29' title='bbox 918 343 1115 379; x_wconf 79' lang='lat' dir='ltr'>meridiano</span> <span class='ocrx_word' id='word_1_30' title='bbox 1142 346 1327 392; x_wconf 84' lang='lat' dir='ltr'>patefacit.</span> 
     </span>
     <span class='ocr_line' id='line_1_6' title="bbox 416 385 1326 437; baseline 0.003 -16"><span class='ocrx_word' id='word_1_31' title='bbox 416 388 515 421; x_wconf 81' lang='lat' dir='ltr'>Alter</span> <span class='ocrx_word' id='word_1_32' title='bbox 531 396 615 419; x_wconf 88' lang='lat' dir='ltr'>vero</span> <span class='ocrx_word' id='word_1_33' title='bbox 638 385 838 419; x_wconf 85' lang='lat' dir='ltr'>Gecalanus</span> <span class='ocrx_word' id='word_1_34' title='bbox 863 389 963 423; x_wconf 90' lang='lat' dir='ltr'>collis</span> <span class='ocrx_word' id='word_1_35' title='bbox 987 387 1032 424; x_wconf 82' lang='lat' dir='ltr'>ab</span> <span class='ocrx_word' id='word_1_36' title='bbox 1057 390 1178 426; x_wconf 84' lang='lat' dir='ltr'>eodem</span> <span class='ocrx_word' id='word_1_37' title='bbox 1195 391 1326 437; x_wconf 80' lang='lat' dir='ltr'>angulo</span> 
     </span>
     <span class='ocr_line' id='line_1_7' title="bbox 417 429 1338 475; baseline 0.009 -13"><span class='ocrx_word' id='word_1_38' title='bbox 417 429 643 475; x_wconf 73' lang='lat' dir='ltr'>proficiscens</span> <span class='ocrx_word' id='word_1_39' title='bbox 672 451 683 468; x_wconf 86' lang='lat'><strong>‚</strong></span> <span class='ocrx_word' id='word_1_40' title='bbox 709 431 802 464; x_wconf 85' lang='lat' dir='ltr'>inter</span> <span class='ocrx_word' id='word_1_41' title='bbox 837 432 1004 469; x_wconf 81' lang='lat' dir='ltr'>occasum</span> <span class='ocrx_word' id='word_1_42' title='bbox 1041 434 1199 472; x_wconf 65' lang='lat' dir='ltr'>aestivum</span> <span class='ocrx_word' id='word_1_43' title='bbox 1224 438 1254 471; x_wconf 67' lang='grc' dir='ltr'>ὃ(</span> <span class='ocrx_word' id='word_1_44' title='bbox 1284 448 1338 470; x_wconf 88' lang='lat' dir='ltr'>ar-</span> 
     </span>
     <span class='ocr_line' id='line_1_8' title="bbox 420 473 1334 527; baseline 0.003 -16"><span class='ocrx_word' id='word_1_45' title='bbox 420 478 513 511; x_wconf 59' lang='lat' dir='ltr'>&amp;um</span> <span class='ocrx_word' id='word_1_46' title='bbox 537 497 549 514; x_wconf 85' lang='lat'>‚</span> <span class='ocrx_word' id='word_1_47' title='bbox 587 473 628 508; x_wconf 78' lang='lat' dir='ltr'>ad</span> <span class='ocrx_word' id='word_1_48' title='bbox 656 475 758 508; x_wconf 79' lang='lat' dir='ltr'>mille</span> <span class='ocrx_word' id='word_1_49' title='bbox 801 479 832 511; x_wconf 74' lang='grc' dir='ltr'>δε</span> <span class='ocrx_word' id='word_1_50' title='bbox 858 480 1076 524; x_wconf 78' lang='lat' dir='ltr'>quingentos</span> <span class='ocrx_word' id='word_1_51' title='bbox 1108 483 1222 527; x_wconf 71' lang='lat' dir='ltr'>passus</span> <span class='ocrx_word' id='word_1_52' title='bbox 1245 504 1256 520; x_wconf 83' lang='lat'><strong>‚</strong></span> <span class='ocrx_word' id='word_1_53' title='bbox 1293 481 1334 514; x_wconf 88' lang='lat' dir='ltr'>ad</span> 
     </span>
     <span class='ocr_line' id='line_1_9' title="bbox 415 519 1334 569; baseline 0.007 -15"><span class='ocrx_word' id='word_1_54' title='bbox 415 519 522 568; x_wconf 77' lang='lat' dir='ltr'>usque</span> <span class='ocrx_word' id='word_1_55' title='bbox 551 531 681 566; x_wconf 78' lang='lat' dir='ltr'>pagum</span> <span class='ocrx_word' id='word_1_56' title='bbox 708 519 1017 559; x_wconf 82' lang='lat' dir='ltr'>Casamarcianum</span> <span class='ocrx_word' id='word_1_57' title='bbox 1044 530 1223 562; x_wconf 81' lang='lat' dir='ltr'>excurrit:</span> <span class='ocrx_word' id='word_1_58' title='bbox 1253 529 1334 569; x_wconf 71' lang='lat' dir='ltr'>iuga</span> 
     </span>
     <span class='ocr_line' id='line_1_10' title="bbox 417 566 1333 619; baseline 0.009 -18"><span class='ocrx_word' id='word_1_59' title='bbox 417 568 491 608; x_wconf 76' lang='lat' dir='ltr'>eius</span> <span class='ocrx_word' id='word_1_60' title='bbox 521 567 605 600; x_wconf 60' lang='lat' dir='ltr'>laeva</span> <span class='ocrx_word' id='word_1_61' title='bbox 624 566 907 602; x_wconf 85' lang='lat' dir='ltr'>antemeridiano</span> <span class='ocrx_word' id='word_1_62' title='bbox 933 569 1023 610; x_wconf 88' lang='lat' dir='ltr'>soli,</span> <span class='ocrx_word' id='word_1_63' title='bbox 1049 571 1333 619; x_wconf 67' lang='lat' dir='ltr'>meridianoques</span> 
     </span>
     <span class='ocr_line' id='line_1_11' title="bbox 416 608 1335 660; baseline 0.008 -14"><span class='ocrx_word' id='word_1_64' title='bbox 416 621 520 659; x_wconf 73' lang='lat' dir='ltr'>atque</span> <span class='ocrx_word' id='word_1_65' title='bbox 550 613 588 645; x_wconf 87' lang='lat' dir='ltr'>in</span> <span class='ocrx_word' id='word_1_66' title='bbox 616 608 776 646; x_wconf 82' lang='lat' dir='ltr'>occasum</span> <span class='ocrx_word' id='word_1_67' title='bbox 804 614 1000 650; x_wconf 79' lang='lat' dir='ltr'>inclinanti</span> <span class='ocrx_word' id='word_1_68' title='bbox 1037 628 1049 657; x_wconf 73' lang='lat'>3</span> <span class='ocrx_word' id='word_1_69' title='bbox 1084 615 1226 652; x_wconf 78' lang='lat' dir='ltr'>dextera</span> <span class='ocrx_word' id='word_1_70' title='bbox 1251 628 1335 660; x_wconf 81' lang='lat' dir='ltr'>veto</span> 
     </span>
     <span class='ocr_line' id='line_1_12' title="bbox 416 656 1337 708; baseline 0.005 -18"><span class='ocrx_word' id='word_1_71' title='bbox 416 659 574 694; x_wconf 80' lang='lat' dir='ltr'>orienti,</span> <span class='ocrx_word' id='word_1_72' title='bbox 600 664 705 700; x_wconf 86' lang='lat' dir='ltr'>atque</span> <span class='ocrx_word' id='word_1_73' title='bbox 730 656 800 701; x_wconf 83' lang='lat' dir='ltr'>post</span> <span class='ocrx_word' id='word_1_74' title='bbox 822 659 1022 697; x_wconf 80' lang='lat' dir='ltr'>meridiano</span> <span class='ocrx_word' id='word_1_75' title='bbox 1049 661 1229 708; x_wconf 78' lang='lat' dir='ltr'>pandens·</span> <span class='ocrx_word' id='word_1_76' title='bbox 1253 664 1337 698; x_wconf 76' lang='lat' dir='ltr'>Pro-</span> 
     </span>
    </p>
   </div>
   <div class='ocr_carea' id='block_1_3' title="bbox 1143 110 1478 158">
    <p class='ocr_par' dir='ltr' id='par_1_3' title="bbox 1143 110 1478 158">
     <span class='ocr_line' id='line_1_13' title="bbox 1143 110 1478 158; baseline -0.009 0"><span class='ocrx_word' id='word_1_77' title='bbox 1143 110 1478 158; x_wconf 84' lang='lat' dir='ltr'>NOLA</span> 
     </span>
    </p>
   </div>
   <div class='ocr_carea' id='block_1_4' title="bbox 1587 115 2256 163">
    <p class='ocr_par' dir='ltr' id='par_1_4' title="bbox 1587 115 2256 163">
     <span class='ocr_line' id='line_1_14' title="bbox 1587 115 2256 163; baseline 0.004 -6"><span class='ocrx_word' id='word_1_78' title='bbox 1587 115 1748 159; x_wconf 82' lang='lat' dir='ltr'><strong>LIB.</strong></span> <span class='ocrx_word' id='word_1_79' title='bbox 1834 115 1870 158; x_wconf 88' lang='lat'>1.</span> <span class='ocrx_word' id='word_1_80' title='bbox 2201 128 2256 163; x_wconf 79' lang='lat'>52</span> 
     </span>
    </p>
   </div>
   <div class='ocr_carea' id='block_1_5' title="bbox 1349 205 2311 257">
    <p class='ocr_par' dir='ltr' id='par_1_5' title="bbox 1349 205 2311 257">
     <span class='ocr_line' id='line_1_15' title="bbox 1349 205 2311 257; baseline 0.003 -19"><span class='ocrx_word' id='word_1_81' title='bbox 1349 206 1479 250; x_wconf 80' lang='lat' dir='ltr'>Atatis</span> <span class='ocrx_word' id='word_1_82' title='bbox 1505 208 1618 244; x_wconf 86' lang='lat' dir='ltr'>literis</span> <span class='ocrx_word' id='word_1_83' title='bbox 1656 231 1667 248; x_wconf 80' lang='lat'><strong>‚</strong></span> <span class='ocrx_word' id='word_1_84' title='bbox 1705 210 1738 244; x_wconf 84' lang='lat'>&amp;</span> <span class='ocrx_word' id='word_1_85' title='bbox 1772 208 1924 244; x_wconf 76' lang='lat' dir='ltr'>Cecalam</span> <span class='ocrx_word' id='word_1_86' title='bbox 1951 207 1964 249; x_wconf 72' lang='grc' dir='ltr'><strong><em>ζ</em></strong></span> <span class='ocrx_word' id='word_1_87' title='bbox 1997 205 2029 243; x_wconf 72' lang='lat'>86</span> <span class='ocrx_word' id='word_1_88' title='bbox 2061 208 2210 246; x_wconf 68' lang='lat' dir='ltr'>ciculum</span> <span class='ocrx_word' id='word_1_89' title='bbox 2247 222 2311 257; x_wconf 77' lang='lat' dir='ltr'>ap-</span> 
     </span>
    </p>
   </div>
   <div class='ocr_carea' id='block_1_6' title="bbox 1385 251 2308 708">
    <p class='ocr_par' dir='ltr' id='par_1_6' title="bbox 1385 251 2308 708">
     <span class='ocr_line' id='line_1_16' title="bbox 1392 251 2307 300; baseline 0.008 -16"><span class='ocrx_word' id='word_1_90' title='bbox 1392 251 1600 294; x_wconf 76' lang='lat' dir='ltr'>pellaverit‚</span> <span class='ocrx_word' id='word_1_91' title='bbox 1633 253 1735 289; x_wconf 79' lang='lat' dir='ltr'>sicuti</span> <span class='ocrx_word' id='word_1_92' title='bbox 1762 254 1925 289; x_wconf 84' lang='lat' dir='ltr'>hodierni</span> <span class='ocrx_word' id='word_1_93' title='bbox 1953 255 2089 290; x_wconf 72' lang='lat' dir='ltr'>Nolani</span> <span class='ocrx_word' id='word_1_94' title='bbox 2108 255 2307 300; x_wconf 79' lang='lat' dir='ltr'>appellant.</span> 
     </span>
     <span class='ocr_line' id='line_1_17' title="bbox 1388 299 2304 359; baseline 0.004 -29"><span class='ocrx_word' id='word_1_95' title='bbox 1388 299 1528 332; x_wconf 90' lang='lat' dir='ltr'>Horum</span> <span class='ocrx_word' id='word_1_96' title='bbox 1554 308 1671 333; x_wconf 84' lang='lat' dir='ltr'>autem</span> <span class='ocrx_word' id='word_1_97' title='bbox 1698 300 1852 335; x_wconf 89' lang='lat' dir='ltr'>collium</span> <span class='ocrx_word' id='word_1_98' title='bbox 1879 311 1958 359; x_wconf 84' lang='lat' dir='ltr'>pars</span> <span class='ocrx_word' id='word_1_99' title='bbox 1987 312 2006 334; x_wconf 89' lang='lat' dir='ltr'>a</span> <span class='ocrx_word' id='word_1_100' title='bbox 2032 301 2165 345; x_wconf 73' lang='lat' dir='ltr'>Regulo</span> <span class='ocrx_word' id='word_1_101' title='bbox 2190 299 2304 340; x_wconf 84' lang='lat' dir='ltr'>urbis,</span> 
     </span>
     <span class='ocr_line' id='line_1_18' title="bbox 1385 341 2307 385; baseline 0.004 -10"><span class='ocrx_word' id='word_1_102' title='bbox 1385 351 1462 385; x_wconf 86' lang='lat' dir='ltr'>pars</span> <span class='ocrx_word' id='word_1_103' title='bbox 1493 341 1509 375; x_wconf 74' lang='grc' dir='ltr'>ὲ</span> <span class='ocrx_word' id='word_1_104' title='bbox 1535 344 1684 378; x_wconf 87' lang='lat' dir='ltr'>Nolanis</span> <span class='ocrx_word' id='word_1_105' title='bbox 1711 367 1722 383; x_wconf 88' lang='lat'><strong>‚</strong></span> <span class='ocrx_word' id='word_1_106' title='bbox 1789 357 1843 380; x_wconf 87' lang='lat' dir='ltr'>ars</span> <span class='ocrx_word' id='word_1_107' title='bbox 1882 360 1900 381; x_wconf 83' lang='lat' dir='ltr'>a</span> <span class='ocrx_word' id='word_1_108' title='bbox 1936 345 2129 380; x_wconf 84' lang='lat' dir='ltr'>Gecalanis</span> <span class='ocrx_word' id='word_1_109' title='bbox 2165 345 2307 380; x_wconf 81' lang='lat' dir='ltr'>civibus</span> 
     </span>
     <span class='ocr_line' id='line_1_19' title="bbox 1385 386 2303 437; baseline -0.004 -10"><span class='ocrx_word' id='word_1_110' title='bbox 1385 386 1522 429; x_wconf 68' lang='lat' dir='ltr'>possessa</span> <span class='ocrx_word' id='word_1_111' title='bbox 1544 387 1588 422; x_wconf 73' lang='lat' dir='ltr'>est</span> <span class='ocrx_word' id='word_1_112' title='bbox 1615 399 1626 427; x_wconf 75' lang='grc' dir='ltr'>ὀ</span> <span class='ocrx_word' id='word_1_113' title='bbox 1663 392 1838 434; x_wconf 61' lang='lat' dir='ltr'>oppinum</span> <span class='ocrx_word' id='word_1_114' title='bbox 1863 403 1947 427; x_wconf 91' lang='lat' dir='ltr'>vero</span> <span class='ocrx_word' id='word_1_115' title='bbox 1971 389 2087 437; x_wconf 86' lang='lat' dir='ltr'>ipsum</span> <span class='ocrx_word' id='word_1_116' title='bbox 2121 388 2225 424; x_wconf 87' lang='lat' dir='ltr'>solius</span> <span class='ocrx_word' id='word_1_117' title='bbox 2250 402 2303 424; x_wconf 83' lang='lat' dir='ltr'>re-</span> 
     </span>
     <span class='ocr_line' id='line_1_20' title="bbox 1393 432 2308 483; baseline 0.004 -17"><span class='ocrx_word' id='word_1_118' title='bbox 1393 434 1469 478; x_wconf 70' lang='lat' dir='ltr'>guli</span> <span class='ocrx_word' id='word_1_119' title='bbox 1491 432 1536 467; x_wconf 89' lang='lat' dir='ltr'>est</span> <span class='ocrx_word' id='word_1_120' title='bbox 1572 458 1580 467; x_wconf 91' lang='lat'><em>.</em></span> <span class='ocrx_word' id='word_1_121' title='bbox 1621 436 1770 478; x_wconf 78' lang='lat' dir='ltr'>Legitur</span> <span class='ocrx_word' id='word_1_122' title='bbox 1807 446 1931 472; x_wconf 81' lang='lat' dir='ltr'>autem</span> <span class='ocrx_word' id='word_1_123' title='bbox 1967 434 2058 483; x_wconf 88' lang='lat' dir='ltr'>apud</span> <span class='ocrx_word' id='word_1_124' title='bbox 2097 434 2308 479; x_wconf 83' lang='lat' dir='ltr'><em>Stephanum</em></span> 
     </span>
     <span class='ocr_line' id='line_1_21' title="bbox 1394 477 2302 528; baseline 0.003 -15"><span class='ocrx_word' id='word_1_125' title='bbox 1394 481 1518 513; x_wconf 82' lang='lat' dir='ltr'>Veleia</span> <span class='ocrx_word' id='word_1_126' title='bbox 1543 478 1625 513; x_wconf 85' lang='lat' dir='ltr'>urbs</span> <span class='ocrx_word' id='word_1_127' title='bbox 1650 477 1746 513; x_wconf 79' lang='lat' dir='ltr'>fuiffe</span> <span class='ocrx_word' id='word_1_128' title='bbox 1787 485 1941 528; x_wconf 61' lang='lat' dir='ltr'>antiquae</span> <span class='ocrx_word' id='word_1_129' title='bbox 1966 479 2127 515; x_wconf 81' lang='lat' dir='ltr'>Ausoniae</span> <span class='ocrx_word' id='word_1_130' title='bbox 2153 492 2162 513; x_wconf 87' lang='lat'>:</span> <span class='ocrx_word' id='word_1_131' title='bbox 2200 483 2230 514; x_wconf 85' lang='lat'>&amp;</span> <span class='ocrx_word' id='word_1_132' title='bbox 2258 493 2302 518; x_wconf 85' lang='lat' dir='ltr'>ut</span> 
     </span>
     <span class='ocr_line' id='line_1_22' title="bbox 1393 523 2302 573; baseline 0.002 -15"><span class='ocrx_word' id='word_1_133' title='bbox 1393 523 1541 571; x_wconf 79' lang='lat' dir='ltr'>quidam</span> <span class='ocrx_word' id='word_1_134' title='bbox 1578 524 1796 559; x_wconf 84' lang='lat' dir='ltr'>arbitrantur</span> <span class='ocrx_word' id='word_1_135' title='bbox 1834 528 1870 560; x_wconf 91' lang='lat' dir='ltr'>in</span> <span class='ocrx_word' id='word_1_136' title='bbox 1911 527 2055 561; x_wconf 86' lang='lat' dir='ltr'>Samnio</span> <span class='ocrx_word' id='word_1_137' title='bbox 2091 539 2102 559; x_wconf 67' lang='grc' dir='ltr'>ι</span> <span class='ocrx_word' id='word_1_138' title='bbox 2141 523 2159 558; x_wconf 72' lang='grc' dir='ltr'>ἒι</span> <span class='ocrx_word' id='word_1_139' title='bbox 2195 537 2265 573; x_wconf 83' lang='lat' dir='ltr'>qua</span> <span class='ocrx_word' id='word_1_140' title='bbox 2289 550 2302 566; x_wconf 90' lang='lat'><strong>‚</strong></span> 
     </span>
     <span class='ocr_line' id='line_1_23' title="bbox 1392 567 2302 617; baseline 0.002 -13"><span class='ocrx_word' id='word_1_141' title='bbox 1392 581 1505 613; x_wconf 83' lang='lat' dir='ltr'>quum</span> <span class='ocrx_word' id='word_1_142' title='bbox 1532 568 1611 604; x_wconf 76' lang='lat' dir='ltr'>effer</span> <span class='ocrx_word' id='word_1_143' title='bbox 1636 567 1749 603; x_wconf 83' lang='lat' dir='ltr'>deleta</span> <span class='ocrx_word' id='word_1_144' title='bbox 1773 591 1786 608; x_wconf 80' lang='lat'>‚</span> <span class='ocrx_word' id='word_1_145' title='bbox 1817 570 1986 606; x_wconf 86' lang='lat' dir='ltr'>videntur</span> <span class='ocrx_word' id='word_1_146' title='bbox 2027 569 2185 617; x_wconf 55' lang='lat' dir='ltr'>quaedam</span> <span class='ocrx_word' id='word_1_147' title='bbox 2220 572 2302 607; x_wconf 80' lang='lat' dir='ltr'>reli-</span> 
     </span>
     <span class='ocr_line' id='line_1_24' title="bbox 1393 613 2303 663; baseline 0.003 -14"><span class='ocrx_word' id='word_1_148' title='bbox 1393 617 1486 663; x_wconf 76' lang='lat' dir='ltr'>quite</span> <span class='ocrx_word' id='word_1_149' title='bbox 1511 617 1650 649; x_wconf 87' lang='lat' dir='ltr'>civium</span> <span class='ocrx_word' id='word_1_150' title='bbox 1678 613 1937 660; x_wconf 77' lang='lat' dir='ltr'>transmigraffe</span> <span class='ocrx_word' id='word_1_151' title='bbox 1971 618 2009 651; x_wconf 87' lang='lat' dir='ltr'>in</span> <span class='ocrx_word' id='word_1_152' title='bbox 2033 628 2109 651; x_wconf 90' lang='lat' dir='ltr'>eam</span> <span class='ocrx_word' id='word_1_153' title='bbox 2134 616 2264 652; x_wconf 83' lang='lat' dir='ltr'>vallem</span> <span class='ocrx_word' id='word_1_154' title='bbox 2290 635 2303 657; x_wconf 66' lang='lat' dir='ltr'>a,</span> 
     </span>
     <span class='ocr_line' id='line_1_25' title="bbox 1393 658 2302 708; baseline 0.001 -13"><span class='ocrx_word' id='word_1_155' title='bbox 1393 673 1501 708; x_wconf 87' lang='lat' dir='ltr'>quam</span> <span class='ocrx_word' id='word_1_156' title='bbox 1521 659 1562 694; x_wconf 84' lang='lat' dir='ltr'>ad</span> <span class='ocrx_word' id='word_1_157' title='bbox 1587 669 1708 694; x_wconf 88' lang='lat' dir='ltr'>ortum</span> <span class='ocrx_word' id='word_1_158' title='bbox 1735 658 1821 694; x_wconf 83' lang='lat' dir='ltr'>facit</span> <span class='ocrx_word' id='word_1_159' title='bbox 1846 662 1947 695; x_wconf 89' lang='lat' dir='ltr'>collis</span> <span class='ocrx_word' id='word_1_160' title='bbox 1980 660 2175 696; x_wconf 82' lang='lat' dir='ltr'>Vescianus</span> <span class='ocrx_word' id='word_1_161' title='bbox 2201 683 2213 700; x_wconf 82' lang='lat'><strong>,</strong></span> <span class='ocrx_word' id='word_1_162' title='bbox 2238 665 2302 708; x_wconf 85' lang='lat' dir='ltr'>qui</span> 
     </span>
    </p>
   </div>
   <div class='ocr_carea' id='block_1_7' title="bbox 415 699 2303 753">
    <p class='ocr_par' dir='ltr' id='par_1_7' title="bbox 415 699 2303 753">
     <span class='ocr_line' id='line_1_26' title="bbox 415 699 2303 753; baseline 0.003 -17"><span class='ocrx_word' id='word_1_163' title='bbox 415 702 500 737; x_wconf 82' lang='lat' dir='ltr'>inde</span> <span class='ocrx_word' id='word_1_164' title='bbox 532 701 704 744; x_wconf 76' lang='lat' dir='ltr'>angulus,</span> <span class='ocrx_word' id='word_1_165' title='bbox 731 699 874 750; x_wconf 84' lang='lat' dir='ltr'>ipsaque</span> <span class='ocrx_word' id='word_1_166' title='bbox 901 707 1050 742; x_wconf 82' lang='lat' dir='ltr'>collium</span> <span class='ocrx_word' id='word_1_167' title='bbox 1074 709 1233 742; x_wconf 86' lang='lat' dir='ltr'>curvitas</span> <span class='ocrx_word' id='word_1_168' title='bbox 1272 706 1416 753; x_wconf 56' lang='lat' dir='ltr'>lay-1331</span> <span class='ocrx_word' id='word_1_169' title='bbox 1441 706 1573 741; x_wconf 84' lang='lat' dir='ltr'>Gecala</span> <span class='ocrx_word' id='word_1_170' title='bbox 1598 703 1820 752; x_wconf 88' lang='lat' dir='ltr'>proficiscens</span> <span class='ocrx_word' id='word_1_171' title='bbox 1846 706 1964 740; x_wconf 79' lang='lat' dir='ltr'>versus</span> <span class='ocrx_word' id='word_1_172' title='bbox 1989 705 2151 741; x_wconf 83' lang='lat' dir='ltr'>Abellam</span> <span class='ocrx_word' id='word_1_173' title='bbox 2177 717 2303 742; x_wconf 82' lang='lat' dir='ltr'>exten-</span> 
     </span>
    </p>
   </div>
   <div class='ocr_carea' id='block_1_8' title="bbox 412 744 1333 1207">
    <p class='ocr_par' dir='ltr' id='par_1_8' title="bbox 412 744 1333 1207">
     <span class='ocr_line' id='line_1_27' title="bbox 418 744 1333 794; baseline 0.005 -12"><span class='ocrx_word' id='word_1_174' title='bbox 418 747 571 782; x_wconf 79' lang='lat' dir='ltr'>bernum</span> <span class='ocrx_word' id='word_1_175' title='bbox 600 744 760 780; x_wconf 79' lang='lat' dir='ltr'>occasum</span> <span class='ocrx_word' id='word_1_176' title='bbox 791 746 919 794; x_wconf 65' lang='lat' dir='ltr'>spe6tat</span> <span class='ocrx_word' id='word_1_177' title='bbox 948 776 958 785; x_wconf 89' lang='lat'><strong>.</strong></span> <span class='ocrx_word' id='word_1_178' title='bbox 986 753 1099 787; x_wconf 87' lang='lat' dir='ltr'>Collis</span> <span class='ocrx_word' id='word_1_179' title='bbox 1124 753 1214 787; x_wconf 86' lang='lat' dir='ltr'>item</span> <span class='ocrx_word' id='word_1_180' title='bbox 1238 757 1333 787; x_wconf 88' lang='lat' dir='ltr'>occi-</span> 
     </span>
     <span class='ocr_line' id='line_1_28' title="bbox 414 792 1329 844; baseline 0.007 -18"><span class='ocrx_word' id='word_1_181' title='bbox 414 792 566 826; x_wconf 80' lang='lat' dir='ltr'>dentalis</span> <span class='ocrx_word' id='word_1_182' title='bbox 589 792 745 825; x_wconf 80' lang='lat' dir='ltr'>maxima</span> <span class='ocrx_word' id='word_1_183' title='bbox 766 802 863 838; x_wconf 83' lang='lat' dir='ltr'>parte</span> <span class='ocrx_word' id='word_1_184' title='bbox 879 816 890 834; x_wconf 89' lang='lat'>‚</span> <span class='ocrx_word' id='word_1_185' title='bbox 920 806 1026 843; x_wconf 83' lang='lat' dir='ltr'>atque</span> <span class='ocrx_word' id='word_1_186' title='bbox 1044 809 1112 844; x_wconf 82' lang='lat' dir='ltr'>qua</span> <span class='ocrx_word' id='word_1_187' title='bbox 1137 797 1178 831; x_wconf 81' lang='lat' dir='ltr'>ad</span> <span class='ocrx_word' id='word_1_188' title='bbox 1195 799 1329 833; x_wconf 64' lang='lat' dir='ltr'>aretum</span> 
     </span>
     <span class='ocr_line' id='line_1_29' title="bbox 416 839 1328 881; baseline 0.005 -10"><span class='ocrx_word' id='word_1_189' title='bbox 416 839 529 881; x_wconf 72' lang='lat' dir='ltr'>vergit</span> <span class='ocrx_word' id='word_1_190' title='bbox 558 858 570 873; x_wconf 61' lang='lat'><em>2</em></span> <span class='ocrx_word' id='word_1_191' title='bbox 612 846 769 872; x_wconf 83' lang='lat' dir='ltr'>terrenus</span> <span class='ocrx_word' id='word_1_192' title='bbox 798 839 843 874; x_wconf 82' lang='lat' dir='ltr'>est</span> <span class='ocrx_word' id='word_1_193' title='bbox 878 853 887 873; x_wconf 88' lang='lat'>:</span> <span class='ocrx_word' id='word_1_194' title='bbox 929 846 991 877; x_wconf 75' lang='lat' dir='ltr'>vix</span> <span class='ocrx_word' id='word_1_195' title='bbox 1018 856 1054 877; x_wconf 92' lang='lat' dir='ltr'>n.</span> <span class='ocrx_word' id='word_1_196' title='bbox 1087 855 1263 879; x_wconf 79' lang='lat' dir='ltr'>marmora</span> <span class='ocrx_word' id='word_1_197' title='bbox 1289 846 1328 876; x_wconf 85' lang='lat' dir='ltr'>in</span> 
     </span>
     <span class='ocr_line' id='line_1_30' title="bbox 413 880 1327 934; baseline 0.009 -18"><span class='ocrx_word' id='word_1_198' title='bbox 413 895 454 915; x_wconf 82' lang='lat' dir='ltr'>eo</span> <span class='ocrx_word' id='word_1_199' title='bbox 482 880 578 915; x_wconf 80' lang='lat' dir='ltr'>vides</span> <span class='ocrx_word' id='word_1_200' title='bbox 604 902 616 919; x_wconf 48' lang='grc' dir='ltr'><strong>θ</strong></span> <span class='ocrx_word' id='word_1_201' title='bbox 645 880 756 934; x_wconf 36' lang='lat' dir='ltr'>&#39;idque</span> <span class='ocrx_word' id='word_1_202' title='bbox 780 886 837 920; x_wconf 80' lang='lat' dir='ltr'>vel</span> <span class='ocrx_word' id='word_1_203' title='bbox 877 889 916 921; x_wconf 91' lang='lat' dir='ltr'>in</span> <span class='ocrx_word' id='word_1_204' title='bbox 943 891 1128 925; x_wconf 76' lang='lat' dir='ltr'>cacumine</span> <span class='ocrx_word' id='word_1_205' title='bbox 1167 912 1180 929; x_wconf 76' lang='grc'><em>,</em></span> <span class='ocrx_word' id='word_1_206' title='bbox 1210 890 1267 923; x_wconf 85' lang='lat' dir='ltr'>vel</span> <span class='ocrx_word' id='word_1_207' title='bbox 1287 890 1327 922; x_wconf 87' lang='lat' dir='ltr'>in</span> 
     </span>
     <span class='ocr_line' id='line_1_31' title="bbox 412 924 1329 979; baseline 0.01 -20"><span class='ocrx_word' id='word_1_208' title='bbox 412 929 503 970; x_wconf 68' lang='lat' dir='ltr'>jugis</span> <span class='ocrx_word' id='word_1_209' title='bbox 527 939 536 959; x_wconf 71' lang='grc' dir='ltr'>ε</span> <span class='ocrx_word' id='word_1_210' title='bbox 565 924 784 963; x_wconf 79' lang='lat' dir='ltr'>meridianus</span> <span class='ocrx_word' id='word_1_211' title='bbox 806 943 890 965; x_wconf 87' lang='lat' dir='ltr'>vero</span> <span class='ocrx_word' id='word_1_212' title='bbox 913 936 1044 979; x_wconf 87' lang='lat' dir='ltr'>quique</span> <span class='ocrx_word' id='word_1_213' title='bbox 1069 937 1108 970; x_wconf 92' lang='lat' dir='ltr'>in</span> <span class='ocrx_word' id='word_1_214' title='bbox 1135 944 1253 970; x_wconf 91' lang='lat' dir='ltr'>ortum</span> <span class='ocrx_word' id='word_1_215' title='bbox 1268 946 1329 969; x_wconf 81' lang='lat' dir='ltr'>ex-</span> 
     </span>
     <span class='ocr_line' id='line_1_32' title="bbox 414 974 1327 1025; baseline 0.009 -20"><span class='ocrx_word' id='word_1_216' title='bbox 414 974 527 1023; x_wconf 70' lang='lat' dir='ltr'>currit</span> <span class='ocrx_word' id='word_1_217' title='bbox 554 995 566 1011; x_wconf 79' lang='lat'>‚</span> <span class='ocrx_word' id='word_1_218' title='bbox 592 983 695 1018; x_wconf 84' lang='lat' dir='ltr'>atque</span> <span class='ocrx_word' id='word_1_219' title='bbox 709 974 778 1021; x_wconf 91' lang='lat' dir='ltr'>ipse</span> <span class='ocrx_word' id='word_1_220' title='bbox 793 976 910 1012; x_wconf 83' lang='lat' dir='ltr'>&#39;uncus</span> <span class='ocrx_word' id='word_1_221' title='bbox 934 991 1150 1015; x_wconf 86' lang='lat' dir='ltr'>marmoreus</span> <span class='ocrx_word' id='word_1_222' title='bbox 1163 981 1327 1025; x_wconf 64' lang='lat' dir='ltr'>est2prse-</span> 
     </span>
     <span class='ocr_line' id='line_1_33' title="bbox 412 1020 1327 1063; baseline 0.009 -12"><span class='ocrx_word' id='word_1_223' title='bbox 412 1020 536 1052; x_wconf 65' lang='lat' dir='ltr'>sertim</span> <span class='ocrx_word' id='word_1_224' title='bbox 563 1021 657 1052; x_wconf 80' lang='lat' dir='ltr'>circa</span> <span class='ocrx_word' id='word_1_225' title='bbox 683 1023 856 1056; x_wconf 87' lang='lat' dir='ltr'>verticem</span> <span class='ocrx_word' id='word_1_226' title='bbox 878 1036 888 1057; x_wconf 75' lang='lat' dir='ltr'>t</span> <span class='ocrx_word' id='word_1_227' title='bbox 925 1027 1036 1060; x_wconf 84' lang='lat' dir='ltr'>rarius</span> <span class='ocrx_word' id='word_1_228' title='bbox 1060 1033 1217 1062; x_wconf 84' lang='lat' dir='ltr'>terrenus</span> <span class='ocrx_word' id='word_1_229' title='bbox 1244 1047 1255 1063; x_wconf 62' lang='lat' dir='ltr'>a</span> <span class='ocrx_word' id='word_1_230' title='bbox 1277 1024 1327 1059; x_wconf 86' lang='lat' dir='ltr'>id-</span> 
     </span>
     <span class='ocr_line' id='line_1_34' title="bbox 413 1064 1325 1116; baseline 0.013 -24"><span class='ocrx_word' id='word_1_231' title='bbox 413 1075 481 1110; x_wconf 78' lang='lat' dir='ltr'>que</span> <span class='ocrx_word' id='word_1_232' title='bbox 506 1075 564 1108; x_wconf 79' lang='lat' dir='ltr'>per</span> <span class='ocrx_word' id='word_1_233' title='bbox 602 1064 682 1108; x_wconf 74' lang='lat' dir='ltr'>juga</span> <span class='ocrx_word' id='word_1_234' title='bbox 705 1067 966 1111; x_wconf 66' lang='lat' dir='ltr'>atque‘radices</span> <span class='ocrx_word' id='word_1_235' title='bbox 994 1083 1005 1111; x_wconf 76' lang='lat'><em>3</em></span> <span class='ocrx_word' id='word_1_236' title='bbox 1046 1074 1077 1105; x_wconf 71' lang='lat' dir='ltr'>&lt;Sc</span> <span class='ocrx_word' id='word_1_237' title='bbox 1104 1071 1162 1106; x_wconf 91' lang='lat' dir='ltr'>ille</span> <span class='ocrx_word' id='word_1_238' title='bbox 1188 1070 1325 1116; x_wconf 83' lang='lat' dir='ltr'>placide</span> 
     </span>
     <span class='ocr_line' id='line_1_35' title="bbox 414 1111 1327 1161; baseline 0.008 -19"><span class='ocrx_word' id='word_1_239' title='bbox 414 1111 555 1153; x_wconf 69' lang='lat' dir='ltr'>exurgit</span> <span class='ocrx_word' id='word_1_240' title='bbox 577 1130 588 1147; x_wconf 79' lang='lat'>‚</span> <span class='ocrx_word' id='word_1_241' title='bbox 614 1121 758 1155; x_wconf 80' lang='lat' dir='ltr'>raroque</span> <span class='ocrx_word' id='word_1_242' title='bbox 782 1111 822 1145; x_wconf 88' lang='lat' dir='ltr'>ad</span> <span class='ocrx_word' id='word_1_243' title='bbox 849 1118 1064 1160; x_wconf 80' lang='lat' dir='ltr'>quingentos</span> <span class='ocrx_word' id='word_1_244' title='bbox 1093 1116 1203 1161; x_wconf 73' lang='lat' dir='ltr'>passus</span> <span class='ocrx_word' id='word_1_245' title='bbox 1228 1129 1240 1150; x_wconf 85' lang='lat'>·.</span> <span class='ocrx_word' id='word_1_246' title='bbox 1267 1117 1327 1152; x_wconf 84' lang='lat' dir='ltr'>hic</span> 
     </span>
     <span class='ocr_line' id='line_1_36' title="bbox 412 1152 1330 1207; baseline 0.011 -18"><span class='ocrx_word' id='word_1_247' title='bbox 412 1166 499 1189; x_wconf 82' lang='lat' dir='ltr'>vero</span> <span class='ocrx_word' id='word_1_248' title='bbox 524 1152 743 1190; x_wconf 71' lang='lat' dir='ltr'>meridianus</span> <span class='ocrx_word' id='word_1_249' title='bbox 771 1155 993 1202; x_wconf 84' lang='lat' dir='ltr'>frequentius</span> <span class='ocrx_word' id='word_1_250' title='bbox 1026 1160 1067 1195; x_wconf 85' lang='lat' dir='ltr'>ad</span> <span class='ocrx_word' id='word_1_251' title='bbox 1094 1161 1194 1197; x_wconf 86' lang='lat' dir='ltr'>mille</span> <span class='ocrx_word' id='word_1_252' title='bbox 1217 1161 1330 1207; x_wconf 75' lang='lat' dir='ltr'>passus</span> 
     </span>
    </p>
   </div>
   <div class='ocr_carea' id='block_1_9' title="bbox 1383 751 2301 1206">
    <p class='ocr_par' dir='ltr' id='par_1_9' title="bbox 1383 751 2301 1206">
     <span class='ocr_line' id='line_1_37' title="bbox 1395 751 2301 797; baseline -0.001 -9"><span class='ocrx_word' id='word_1_253' title='bbox 1395 754 1523 791; x_wconf 79' lang='lat' dir='ltr'>ditur,</span> <span class='ocrx_word' id='word_1_254' title='bbox 1549 760 1654 797; x_wconf 85' lang='lat' dir='ltr'>atque</span> <span class='ocrx_word' id='word_1_255' title='bbox 1672 753 1707 785; x_wconf 91' lang='lat' dir='ltr'>in</span> <span class='ocrx_word' id='word_1_256' title='bbox 1735 763 1772 784; x_wconf 84' lang='lat' dir='ltr'>ea</span> <span class='ocrx_word' id='word_1_257' title='bbox 1787 751 1960 797; x_wconf 85' lang='lat' dir='ltr'>oppidum</span> <span class='ocrx_word' id='word_1_258' title='bbox 1972 751 2301 796; x_wconf 79' lang='lat' dir='ltr'>struxiffe,ipliim-</span> 
     </span>
     <span class='ocr_line' id='line_1_38' title="bbox 1390 795 2301 844; baseline -0.005 -11"><span class='ocrx_word' id='word_1_259' title='bbox 1390 811 1458 844; x_wconf 86' lang='lat' dir='ltr'>que</span> <span class='ocrx_word' id='word_1_260' title='bbox 1495 797 1608 833; x_wconf 72' lang='lat' dir='ltr'>fecisse</span> <span class='ocrx_word' id='word_1_261' title='bbox 1649 795 1839 842; x_wconf 85' lang='lat' dir='ltr'>oppidanis</span> <span class='ocrx_word' id='word_1_262' title='bbox 1877 798 2089 843; x_wconf 77' lang='lat' dir='ltr'>cognomine</span> <span class='ocrx_word' id='word_1_263' title='bbox 2125 819 2138 836; x_wconf 86' lang='lat'>‚</span> <span class='ocrx_word' id='word_1_264' title='bbox 2175 800 2301 833; x_wconf 78' lang='lat' dir='ltr'>Vecia-</span> 
     </span>
     <span class='ocr_line' id='line_1_39' title="bbox 1389 841 2301 889; baseline 0.002 -12"><span class='ocrx_word' id='word_1_265' title='bbox 1389 856 1473 878; x_wconf 74' lang='lat' dir='ltr'>uum</span> <span class='ocrx_word' id='word_1_266' title='bbox 1499 843 1722 888; x_wconf 81' lang='lat' dir='ltr'>appellantes</span> <span class='ocrx_word' id='word_1_267' title='bbox 1750 866 1759 875; x_wconf 92' lang='lat'><strong><em>.</em></strong></span> <span class='ocrx_word' id='word_1_268' title='bbox 1802 842 1857 876; x_wconf 77' lang='lat' dir='ltr'>Est</span> <span class='ocrx_word' id='word_1_269' title='bbox 1882 850 2002 876; x_wconf 79' lang='lat' dir='ltr'>autem</span> <span class='ocrx_word' id='word_1_270' title='bbox 2036 841 2102 876; x_wconf 82' lang='lat' dir='ltr'>hoc</span> <span class='ocrx_word' id='word_1_271' title='bbox 2126 842 2301 889; x_wconf 86' lang='lat' dir='ltr'>oppidum</span> 
     </span>
     <span class='ocr_line' id='line_1_40' title="bbox 1386 885 2300 933; baseline -0.002 -9"><span class='ocrx_word' id='word_1_272' title='bbox 1386 893 1426 924; x_wconf 86' lang='lat' dir='ltr'>in</span> <span class='ocrx_word' id='word_1_273' title='bbox 1451 885 1654 924; x_wconf 83' lang='lat' dir='ltr'>confinibus</span> <span class='ocrx_word' id='word_1_274' title='bbox 1682 887 1917 933; x_wconf 85' lang='lat' dir='ltr'>Hirpinorum</span> <span class='ocrx_word' id='word_1_275' title='bbox 1934 909 1946 925; x_wconf 79' lang='lat'><em>‚</em></span> <span class='ocrx_word' id='word_1_276' title='bbox 1972 887 2300 932; x_wconf 64' lang='lat' dir='ltr'>&amp;Campanorum</span> 
     </span>
     <span class='ocr_line' id='line_1_41' title="bbox 1386 929 2301 978; baseline -0.002 -9"><span class='ocrx_word' id='word_1_277' title='bbox 1386 936 1498 970; x_wconf 81' lang='lat' dir='ltr'>Collis</span> <span class='ocrx_word' id='word_1_278' title='bbox 1523 945 1607 969; x_wconf 87' lang='lat' dir='ltr'>vero</span> <span class='ocrx_word' id='word_1_279' title='bbox 1631 929 1798 966; x_wconf 80' lang='lat' dir='ltr'>Vesciani</span> <span class='ocrx_word' id='word_1_280' title='bbox 1826 931 1895 967; x_wconf 82' lang='lat' dir='ltr'>fere</span> <span class='ocrx_word' id='word_1_281' title='bbox 1913 933 2042 978; x_wconf 77' lang='lat' dir='ltr'>gratias</span> <span class='ocrx_word' id='word_1_282' title='bbox 2067 943 2189 966; x_wconf 88' lang='lat' dir='ltr'>omnes</span> <span class='ocrx_word' id='word_1_283' title='bbox 2215 945 2301 967; x_wconf 92' lang='lat' dir='ltr'>con-</span> 
     </span>
     <span class='ocr_line' id='line_1_42' title="bbox 1383 974 2298 1020; baseline -0.005 -4"><span class='ocrx_word' id='word_1_284' title='bbox 1383 980 1480 1019; x_wconf 83' lang='lat' dir='ltr'>ceffit</span> <span class='ocrx_word' id='word_1_285' title='bbox 1505 974 1658 1014; x_wconf 88' lang='lat' dir='ltr'>collibus</span> <span class='ocrx_word' id='word_1_286' title='bbox 1681 978 1817 1013; x_wconf 70' lang='lat' dir='ltr'>Gettalae</span> <span class='ocrx_word' id='word_1_287' title='bbox 1843 1000 1853 1016; x_wconf 89' lang='lat'>‚</span> <span class='ocrx_word' id='word_1_288' title='bbox 1891 980 1934 1013; x_wconf 82' lang='lat' dir='ltr'>est</span> <span class='ocrx_word' id='word_1_289' title='bbox 1973 979 2069 1011; x_wconf 89' lang='lat' dir='ltr'>enim</span> <span class='ocrx_word' id='word_1_290' title='bbox 2096 976 2298 1020; x_wconf 45' lang='lat' dir='ltr'>ssobscuruffi</span> 
     </span>
     <span class='ocr_line' id='line_1_43' title="bbox 1384 1023 2301 1070; baseline -0.002 -11"><span class='ocrx_word' id='word_1_291' title='bbox 1384 1033 1415 1065; x_wconf 68' lang='grc' dir='ltr'>ει</span> <span class='ocrx_word' id='word_1_292' title='bbox 1441 1023 1652 1061; x_wconf 82' lang='lat' dir='ltr'>umbratilis</span> <span class='ocrx_word' id='word_1_293' title='bbox 1677 1034 1688 1055; x_wconf 90' lang='grc'>·.</span> <span class='ocrx_word' id='word_1_294' title='bbox 1730 1025 1817 1068; x_wconf 81' lang='lat' dir='ltr'>quip</span> <span class='ocrx_word' id='word_1_295' title='bbox 1845 1037 1861 1057; x_wconf 93' lang='lat' dir='ltr'>e</span> <span class='ocrx_word' id='word_1_296' title='bbox 1887 1025 1949 1070; x_wconf 84' lang='lat' dir='ltr'>qui</span> <span class='ocrx_word' id='word_1_297' title='bbox 1982 1035 2022 1057; x_wconf 86' lang='lat' dir='ltr'>eo</span> <span class='ocrx_word' id='word_1_298' title='bbox 2058 1034 2164 1068; x_wconf 83' lang='lat' dir='ltr'>prope</span> <span class='ocrx_word' id='word_1_299' title='bbox 2192 1027 2301 1062; x_wconf 61' lang='grc' dir='ltr'>,νει-[1-</span> 
     </span>
     <span class='ocr_line' id='line_1_44' title="bbox 1385 1068 2298 1110; baseline -0.001 -6"><span class='ocrx_word' id='word_1_300' title='bbox 1385 1085 1443 1109; x_wconf 72' lang='lat' dir='ltr'>tur</span> <span class='ocrx_word' id='word_1_301' title='bbox 1468 1093 1480 1110; x_wconf 88' lang='lat'><em>‚</em></span> <span class='ocrx_word' id='word_1_302' title='bbox 1511 1068 1604 1104; x_wconf 86' lang='lat' dir='ltr'>unde</span> <span class='ocrx_word' id='word_1_303' title='bbox 1629 1071 1692 1103; x_wconf 81' lang='lat' dir='ltr'>vix</span> <span class='ocrx_word' id='word_1_304' title='bbox 1730 1072 1805 1102; x_wconf 84' lang='lat' dir='ltr'>occi</span> <span class='ocrx_word' id='word_1_305' title='bbox 1836 1081 1920 1103; x_wconf 88' lang='lat' dir='ltr'>unm</span> <span class='ocrx_word' id='word_1_306' title='bbox 1948 1089 1961 1107; x_wconf 85' lang='lat'><strong>‚</strong></span> <span class='ocrx_word' id='word_1_307' title='bbox 2000 1070 2031 1102; x_wconf 67' lang='grc' dir='ltr'>ἂ</span> <span class='ocrx_word' id='word_1_308' title='bbox 2059 1070 2298 1103; x_wconf 81' lang='lat' dir='ltr'>inclinantem</span> 
     </span>
     <span class='ocr_line' id='line_1_45' title="bbox 1386 1115 2298 1161; baseline -0.007 -8"><span class='ocrx_word' id='word_1_309' title='bbox 1386 1119 1501 1154; x_wconf 82' lang='lat' dir='ltr'>solem</span> <span class='ocrx_word' id='word_1_310' title='bbox 1528 1116 1707 1160; x_wconf 75' lang='lat' dir='ltr'>excipiat.</span> <span class='ocrx_word' id='word_1_311' title='bbox 1733 1115 1825 1148; x_wconf 82' lang='lat' dir='ltr'>Nam</span> <span class='ocrx_word' id='word_1_312' title='bbox 1855 1126 1924 1161; x_wconf 79' lang='lat' dir='ltr'>qua</span> <span class='ocrx_word' id='word_1_313' title='bbox 1949 1115 2298 1158; x_wconf 59' lang='lat' dir='ltr'>Gecalamattingm</span> 
     </span>
     <span class='ocr_line' id='line_1_46' title="bbox 1387 1158 2298 1206; baseline -0.002 -11"><span class='ocrx_word' id='word_1_314' title='bbox 1387 1165 1548 1206; x_wconf 72' lang='lat' dir='ltr'>aliquam</span> <span class='ocrx_word' id='word_1_315' title='bbox 1581 1161 1676 1205; x_wconf 80' lang='lat' dir='ltr'>parit</span> <span class='ocrx_word' id='word_1_316' title='bbox 1702 1159 1900 1195; x_wconf 73' lang='lat' dir='ltr'>utilitatem</span> <span class='ocrx_word' id='word_1_317' title='bbox 1930 1183 1941 1198; x_wconf 80' lang='lat'>‚</span> <span class='ocrx_word' id='word_1_318' title='bbox 1978 1159 2068 1192; x_wconf 86' lang='lat' dir='ltr'>oleas</span> <span class='ocrx_word' id='word_1_319' title='bbox 2104 1158 2298 1198; x_wconf 71' lang='lat' dir='ltr'>praesertim</span> 
     </span>
    </p>
   </div>
   <div class='ocr_carea' id='block_1_10' title="bbox 413 1199 2081 1256">
    <p class='ocr_par' dir='ltr' id='par_1_10' title="bbox 413 1199 2081 1256">
     <span class='ocr_line' id='line_1_47' title="bbox 413 1199 2081 1256; baseline 0.005 -23"><span class='ocrx_word' id='word_1_320' title='bbox 413 1199 569 1235; x_wconf 83' lang='lat' dir='ltr'>ascendit</span> <span class='ocrx_word' id='word_1_321' title='bbox 598 1213 609 1239; x_wconf 77' lang='lat'>3</span> <span class='ocrx_word' id='word_1_322' title='bbox 633 1199 677 1233; x_wconf 84' lang='lat' dir='ltr'>est</span> <span class='ocrx_word' id='word_1_323' title='bbox 718 1201 847 1237; x_wconf 81' lang='lat' dir='ltr'>arduus</span> <span class='ocrx_word' id='word_1_324' title='bbox 882 1214 986 1247; x_wconf 78' lang='lat' dir='ltr'>atque</span> <span class='ocrx_word' id='word_1_325' title='bbox 1022 1208 1118 1241; x_wconf 79' lang='lat' dir='ltr'>circa</span> <span class='ocrx_word' id='word_1_326' title='bbox 1157 1208 1372 1249; x_wconf 87' lang='lat' dir='ltr'>verticemC</span> <span class='ocrx_word' id='word_1_327' title='bbox 1384 1221 1444 1256; x_wconf 82' lang='lat' dir='ltr'>per</span> <span class='ocrx_word' id='word_1_328' title='bbox 1471 1205 1553 1241; x_wconf 82' lang='lat' dir='ltr'>saxa</span> <span class='ocrx_word' id='word_1_329' title='bbox 1581 1202 1778 1250; x_wconf 85' lang='lat' dir='ltr'>producens</span> <span class='ocrx_word' id='word_1_330' title='bbox 1803 1215 1908 1252; x_wconf 82' lang='lat' dir='ltr'>atque</span> <span class='ocrx_word' id='word_1_331' title='bbox 1932 1204 2081 1239; x_wconf 82' lang='lat' dir='ltr'>fovens·</span> 
     </span>
    </p>
   </div>
   <div class='ocr_carea' id='block_1_11' title="bbox 413 1244 1328 1703">
    <p class='ocr_par' dir='ltr' id='par_1_11' title="bbox 413 1244 1328 1703">
     <span class='ocr_line' id='line_1_48' title="bbox 414 1244 1328 1298; baseline 0.007 -19"><span class='ocrx_word' id='word_1_332' title='bbox 414 1258 487 1280; x_wconf 84' lang='lat' dir='ltr'>non</span> <span class='ocrx_word' id='word_1_333' title='bbox 513 1244 616 1280; x_wconf 88' lang='lat' dir='ltr'>facile</span> <span class='ocrx_word' id='word_1_334' title='bbox 643 1245 780 1281; x_wconf 85' lang='lat' dir='ltr'>cultum</span> <span class='ocrx_word' id='word_1_335' title='bbox 818 1247 960 1295; x_wconf 79' lang='lat' dir='ltr'>suscipit</span> <span class='ocrx_word' id='word_1_336' title='bbox 988 1275 997 1284; x_wconf 87' lang='lat'><strong>.</strong></span> <span class='ocrx_word' id='word_1_337' title='bbox 1026 1254 1075 1286; x_wconf 91' lang='lat' dir='ltr'>Hi</span> <span class='ocrx_word' id='word_1_338' title='bbox 1103 1254 1225 1298; x_wconf 84' lang='lat' dir='ltr'>itaque</span> <span class='ocrx_word' id='word_1_339' title='bbox 1255 1253 1328 1285; x_wconf 89' lang='lat' dir='ltr'>Ge-</span> 
     </span>
     <span class='ocr_line' id='line_1_49' title="bbox 413 1291 1324 1343; baseline 0.005 -19"><span class='ocrx_word' id='word_1_340' title='bbox 413 1291 495 1325; x_wconf 78' lang='lat' dir='ltr'>calae</span> <span class='ocrx_word' id='word_1_341' title='bbox 529 1292 634 1325; x_wconf 81' lang='lat' dir='ltr'>colles</span> <span class='ocrx_word' id='word_1_342' title='bbox 683 1293 781 1335; x_wconf 69' lang='lat' dir='ltr'>parvi</span> <span class='ocrx_word' id='word_1_343' title='bbox 819 1295 963 1340; x_wconf 85' lang='lat' dir='ltr'>quidem</span> <span class='ocrx_word' id='word_1_344' title='bbox 1009 1319 1020 1335; x_wconf 87' lang='lat'><strong>‚</strong></span> <span class='ocrx_word' id='word_1_345' title='bbox 1063 1309 1103 1332; x_wconf 81' lang='lat' dir='ltr'>ac</span> <span class='ocrx_word' id='word_1_346' title='bbox 1141 1297 1324 1343; x_wconf 73' lang='lat' dir='ltr'><strong>perbreves</strong></span> 
     </span>
     <span class='ocr_line' id='line_1_50' title="bbox 413 1336 1328 1389; baseline 0.005 -19"><span class='ocrx_word' id='word_1_347' title='bbox 413 1336 494 1371; x_wconf 86' lang='lat' dir='ltr'>sunt</span> <span class='ocrx_word' id='word_1_348' title='bbox 511 1351 520 1371; x_wconf 90' lang='grc'>;</span> <span class='ocrx_word' id='word_1_349' title='bbox 545 1349 668 1372; x_wconf 85' lang='lat' dir='ltr'>verum</span> <span class='ocrx_word' id='word_1_350' title='bbox 693 1347 762 1382; x_wconf 84' lang='lat' dir='ltr'>quo</span> <span class='ocrx_word' id='word_1_351' title='bbox 776 1343 931 1374; x_wconf 89' lang='lat' dir='ltr'>minores</span> <span class='ocrx_word' id='word_1_352' title='bbox 951 1362 962 1378; x_wconf 63' lang='lat' dir='ltr'>a</span> <span class='ocrx_word' id='word_1_353' title='bbox 978 1355 1017 1377; x_wconf 85' lang='lat' dir='ltr'>eo</span> <span class='ocrx_word' id='word_1_354' title='bbox 1035 1341 1253 1389; x_wconf 74' lang='lat' dir='ltr'>gratioliores</span> <span class='ocrx_word' id='word_1_355' title='bbox 1274 1351 1328 1375; x_wconf 79' lang='lat' dir='ltr'>at-</span> 
     </span>
     <span class='ocr_line' id='line_1_51' title="bbox 416 1382 1325 1433; baseline 0.01 -18"><span class='ocrx_word' id='word_1_356' title='bbox 416 1394 484 1428; x_wconf 82' lang='lat' dir='ltr'>que</span> <span class='ocrx_word' id='word_1_357' title='bbox 510 1382 764 1428; x_wconf 75' lang='lat' dir='ltr'>praestantiores</span> <span class='ocrx_word' id='word_1_358' title='bbox 788 1406 799 1422; x_wconf 80' lang='lat'>‚</span> <span class='ocrx_word' id='word_1_359' title='bbox 821 1385 1004 1422; x_wconf 81' lang='lat' dir='ltr'>feracitate</span> <span class='ocrx_word' id='word_1_360' title='bbox 1028 1398 1127 1422; x_wconf 85' lang='lat' dir='ltr'>tanta</span> <span class='ocrx_word' id='word_1_361' title='bbox 1154 1409 1167 1426; x_wconf 76' lang='lat'><strong>‚</strong></span> <span class='ocrx_word' id='word_1_362' title='bbox 1192 1396 1325 1433; x_wconf 71' lang='lat' dir='ltr'>quanta</span> 
     </span>
     <span class='ocr_line' id='line_1_52' title="bbox 414 1428 1328 1473; baseline 0.003 -11"><span class='ocrx_word' id='word_1_363' title='bbox 414 1441 458 1464; x_wconf 83' lang='lat' dir='ltr'>ne</span> <span class='ocrx_word' id='word_1_364' title='bbox 487 1430 571 1461; x_wconf 87' lang='lat' dir='ltr'>uilis</span> <span class='ocrx_word' id='word_1_365' title='bbox 594 1428 688 1462; x_wconf 83' lang='lat' dir='ltr'>orbis</span> <span class='ocrx_word' id='word_1_366' title='bbox 710 1430 870 1473; x_wconf 73' lang='lat' dir='ltr'>partibus</span> <span class='ocrx_word' id='word_1_367' title='bbox 895 1431 962 1466; x_wconf 84' lang='lat' dir='ltr'>five</span> <span class='ocrx_word' id='word_1_368' title='bbox 989 1433 1120 1471; x_wconf 84' lang='lat' dir='ltr'>colles,</span> <span class='ocrx_word' id='word_1_369' title='bbox 1149 1432 1217 1466; x_wconf 81' lang='lat' dir='ltr'>sive</span> <span class='ocrx_word' id='word_1_370' title='bbox 1230 1443 1328 1467; x_wconf 82' lang='lat' dir='ltr'>cam-</span> 
     </span>
     <span class='ocr_line' id='line_1_53' title="bbox 414 1473 1324 1519; baseline 0.005 -14"><span class='ocrx_word' id='word_1_371' title='bbox 414 1475 478 1519; x_wconf 85' lang='lat' dir='ltr'>pi,</span> <span class='ocrx_word' id='word_1_372' title='bbox 504 1473 571 1507; x_wconf 74' lang='lat' dir='ltr'>live</span> <span class='ocrx_word' id='word_1_373' title='bbox 600 1484 751 1508; x_wconf 75' lang='lat' dir='ltr'>verrucae</span> <span class='ocrx_word' id='word_1_374' title='bbox 776 1475 841 1509; x_wconf 76' lang='lat' dir='ltr'>sint</span> <span class='ocrx_word' id='word_1_375' title='bbox 858 1497 868 1512; x_wconf 73' lang='lat'><strong>‚</strong></span> <span class='ocrx_word' id='word_1_376' title='bbox 890 1477 1016 1512; x_wconf 77' lang='lat' dir='ltr'>cedant</span> <span class='ocrx_word' id='word_1_377' title='bbox 1045 1501 1054 1510; x_wconf 91' lang='lat'>.</span> <span class='ocrx_word' id='word_1_378' title='bbox 1080 1480 1122 1513; x_wconf 87' lang='lat' dir='ltr'>In</span> <span class='ocrx_word' id='word_1_379' title='bbox 1146 1478 1200 1512; x_wconf 79' lang='lat' dir='ltr'>his</span> <span class='ocrx_word' id='word_1_380' title='bbox 1227 1478 1324 1510; x_wconf 86' lang='lat' dir='ltr'>enim</span> 
     </span>
     <span class='ocr_line' id='line_1_54' title="bbox 415 1519 1325 1560; baseline 0.003 -8"><span class='ocrx_word' id='word_1_381' title='bbox 415 1520 544 1554; x_wconf 67' lang='lat' dir='ltr'>Bacchi</span> <span class='ocrx_word' id='word_1_382' title='bbox 569 1521 623 1552; x_wconf 84' lang='lat' dir='ltr'>vis</span> <span class='ocrx_word' id='word_1_383' title='bbox 649 1519 806 1553; x_wconf 73' lang='lat' dir='ltr'>maxima</span> <span class='ocrx_word' id='word_1_384' title='bbox 831 1521 874 1555; x_wconf 82' lang='lat' dir='ltr'>est</span> <span class='ocrx_word' id='word_1_385' title='bbox 903 1544 914 1560; x_wconf 72' lang='lat'>‚</span> <span class='ocrx_word' id='word_1_386' title='bbox 952 1525 1038 1557; x_wconf 77' lang='lat' dir='ltr'>vina</span> <span class='ocrx_word' id='word_1_387' title='bbox 1062 1536 1099 1557; x_wconf 86' lang='lat' dir='ltr'>n.</span> <span class='ocrx_word' id='word_1_388' title='bbox 1124 1521 1325 1556; x_wconf 79' lang='lat' dir='ltr'>dulciffima</span> 
     </span>
     <span class='ocr_line' id='line_1_55' title="bbox 414 1563 1322 1609; baseline 0.004 -13"><span class='ocrx_word' id='word_1_389' title='bbox 414 1563 684 1609; x_wconf 81' lang='lat' dir='ltr'>suaviffimaque</span> <span class='ocrx_word' id='word_1_390' title='bbox 711 1565 910 1608; x_wconf 58' lang='lat' dir='ltr'>gignuntur</span> <span class='ocrx_word' id='word_1_391' title='bbox 935 1580 944 1601; x_wconf 78' lang='lat' dir='ltr'>z</span> <span class='ocrx_word' id='word_1_392' title='bbox 977 1569 1045 1602; x_wconf 78' lang='lat' dir='ltr'>alia</span> <span class='ocrx_word' id='word_1_393' title='bbox 1073 1571 1159 1603; x_wconf 87' lang='lat' dir='ltr'>item</span> <span class='ocrx_word' id='word_1_394' title='bbox 1180 1567 1322 1602; x_wconf 83' lang='lat' dir='ltr'>austera:</span> 
     </span>
     <span class='ocr_line' id='line_1_56' title="bbox 413 1609 1323 1659; baseline 0.003 -17"><span class='ocrx_word' id='word_1_395' title='bbox 413 1609 481 1643; x_wconf 80' lang='lat' dir='ltr'>alia</span> <span class='ocrx_word' id='word_1_396' title='bbox 504 1610 705 1653; x_wconf 72' lang='lat' dir='ltr'>Muscatella</span> <span class='ocrx_word' id='word_1_397' title='bbox 728 1621 850 1644; x_wconf 72' lang='lat' dir='ltr'>vocata</span> <span class='ocrx_word' id='word_1_398' title='bbox 873 1625 880 1645; x_wconf 87' lang='lat'>:</span> <span class='ocrx_word' id='word_1_399' title='bbox 906 1622 1010 1658; x_wconf 79' lang='lat' dir='ltr'>atque</span> <span class='ocrx_word' id='word_1_400' title='bbox 1036 1623 1158 1659; x_wconf 64' lang='lat' dir='ltr'>prr—ster</span> <span class='ocrx_word' id='word_1_401' title='bbox 1184 1614 1253 1647; x_wconf 77' lang='lat' dir='ltr'>haec</span> <span class='ocrx_word' id='word_1_402' title='bbox 1267 1614 1323 1646; x_wconf 88' lang='lat' dir='ltr'>vi-</span> 
     </span>
     <span class='ocr_line' id='line_1_57' title="bbox 415 1657 1320 1703; baseline 0.008 -15"><span class='ocrx_word' id='word_1_403' title='bbox 415 1666 461 1688; x_wconf 79' lang='lat' dir='ltr'>na</span> <span class='ocrx_word' id='word_1_404' title='bbox 489 1657 642 1692; x_wconf 57' lang='lat' dir='ltr'>Graeca(</span> <span class='ocrx_word' id='word_1_405' title='bbox 669 1664 707 1688; x_wconf 89' lang='lat' dir='ltr'>ut</span> <span class='ocrx_word' id='word_1_406' title='bbox 735 1657 857 1699; x_wconf 77' lang='lat' dir='ltr'>ajunt)</span> <span class='ocrx_word' id='word_1_407' title='bbox 883 1669 959 1703; x_wconf 83' lang='lat' dir='ltr'>quae</span> <span class='ocrx_word' id='word_1_408' title='bbox 985 1662 1104 1693; x_wconf 84' lang='lat' dir='ltr'>omnia</span> <span class='ocrx_word' id='word_1_409' title='bbox 1134 1658 1211 1693; x_wconf 77' lang='lat' dir='ltr'>alba</span> <span class='ocrx_word' id='word_1_410' title='bbox 1225 1657 1320 1695; x_wconf 64' lang='lat' dir='ltr'>sunt,</span> 
     </span>
    </p>
   </div>
   <div class='ocr_carea' id='block_1_12' title="bbox 1412 1269 2268 1456">
    <p class='ocr_par' dir='ltr' id='par_1_12' title="bbox 1412 1269 2268 1456">
     <span class='ocr_line' id='line_1_58' title="bbox 1412 1269 2268 1354; baseline -0.005 -8"><span class='ocrx_word' id='word_1_411' title='bbox 1412 1303 1497 1346; x_wconf 81' lang='lat' dir='ltr'>DE</span> <span class='ocrx_word' id='word_1_412' title='bbox 1530 1269 1955 1351; x_wconf 49' lang='lat' dir='ltr'>opproojpa</span> <span class='ocrx_word' id='word_1_413' title='bbox 1977 1300 2268 1354; x_wconf 69' lang='lat' dir='ltr'>oisQUE,</span> 
     </span>
     <span class='ocr_line' id='line_1_59' title="bbox 1443 1357 2235 1414; baseline -0.005 -12"><span class='ocrx_word' id='word_1_414' title='bbox 1443 1371 1568 1414; x_wconf 82' lang='lat' dir='ltr'>atque</span> <span class='ocrx_word' id='word_1_415' title='bbox 1596 1362 1773 1410; x_wconf 60' lang='lat' dir='ltr'>certeris,</span> <span class='ocrx_word' id='word_1_416' title='bbox 1803 1370 1888 1413; x_wconf 83' lang='lat' dir='ltr'>quae</span> <span class='ocrx_word' id='word_1_417' title='bbox 1915 1362 1954 1398; x_wconf 89' lang='lat' dir='ltr'>in</span> <span class='ocrx_word' id='word_1_418' title='bbox 1984 1372 2084 1413; x_wconf 83' lang='lat' dir='ltr'>agro</span> <span class='ocrx_word' id='word_1_419' title='bbox 2109 1357 2235 1398; x_wconf 83' lang='lat' dir='ltr'>Nola-</span> 
     </span>
     <span class='ocr_line' id='line_1_60' title="bbox 1667 1416 2019 1456; baseline 0.009 -3"><span class='ocrx_word' id='word_1_420' title='bbox 1667 1428 1720 1455; x_wconf 93' lang='lat' dir='ltr'>no</span> <span class='ocrx_word' id='word_1_421' title='bbox 1752 1416 1883 1456; x_wconf 53' lang='lat' dir='ltr'>eret‘ta</span> <span class='ocrx_word' id='word_1_422' title='bbox 1915 1416 2019 1456; x_wconf 86' lang='lat' dir='ltr'>sunt.</span> 
     </span>
    </p>
   </div>
   <div class='ocr_carea' id='block_1_13' title="bbox 1656 1526 2018 1562">
    <p class='ocr_par' dir='ltr' id='par_1_13' title="bbox 1656 1526 2018 1562">
     <span class='ocr_line' id='line_1_61' title="bbox 1656 1526 2018 1562; baseline 0.006 -2"><span class='ocrx_word' id='word_1_423' title='bbox 1656 1526 1686 1560; x_wconf 91' lang='lat' dir='ltr'><strong>C</strong></span> <span class='ocrx_word' id='word_1_424' title='bbox 1735 1529 1766 1562; x_wconf 77' lang='lat' dir='ltr'>A</span> <span class='ocrx_word' id='word_1_425' title='bbox 1816 1529 1854 1561; x_wconf 90' lang='lat' dir='ltr'>P.</span> <span class='ocrx_word' id='word_1_426' title='bbox 1947 1529 2018 1562; x_wconf 82' lang='lat' dir='ltr'>VI.</span> 
     </span>
    </p>
   </div>
   <div class='ocr_carea' id='block_1_14' title="bbox 1469 1618 2296 1707">
    <p class='ocr_par' dir='ltr' id='par_1_14' title="bbox 1469 1618 2296 1707">
     <span class='ocr_line' id='line_1_62' title="bbox 1469 1618 2296 1668; baseline 0 -15"><span class='ocrx_word' id='word_1_427' title='bbox 1469 1618 1619 1666; x_wconf 80' lang='lat' dir='ltr'>Ppidnm</span> <span class='ocrx_word' id='word_1_428' title='bbox 1649 1629 1763 1653; x_wconf 87' lang='lat' dir='ltr'>unum</span> <span class='ocrx_word' id='word_1_429' title='bbox 1792 1629 1832 1652; x_wconf 86' lang='lat' dir='ltr'>ac</span> <span class='ocrx_word' id='word_1_430' title='bbox 1865 1619 1944 1663; x_wconf 77' lang='lat' dir='ltr'>pagi</span> <span class='ocrx_word' id='word_1_431' title='bbox 1971 1621 2169 1668; x_wconf 77' lang='lat' dir='ltr'>complures</span> <span class='ocrx_word' id='word_1_432' title='bbox 2194 1642 2205 1659; x_wconf 90' lang='lat'>,</span> <span class='ocrx_word' id='word_1_433' title='bbox 2231 1621 2296 1666; x_wconf 80' lang='lat' dir='ltr'>qui</span> 
     </span>
     <span class='ocr_line' id='line_1_63' title="bbox 1486 1664 2294 1707; baseline -0.001 -6"><span class='ocrx_word' id='word_1_434' title='bbox 1486 1676 1582 1701; x_wconf 86' lang='lat' dir='ltr'>nunc</span> <span class='ocrx_word' id='word_1_435' title='bbox 1613 1666 1648 1697; x_wconf 82' lang='lat' dir='ltr'>in</span> <span class='ocrx_word' id='word_1_436' title='bbox 1677 1675 1757 1704; x_wconf 61' lang='lat' dir='ltr'>aoso</span> <span class='ocrx_word' id='word_1_437' title='bbox 1790 1665 1929 1698; x_wconf 83' lang='lat' dir='ltr'>Nolano</span> <span class='ocrx_word' id='word_1_438' title='bbox 1955 1676 2079 1701; x_wconf 77' lang='lat' dir='ltr'>extant</span> <span class='ocrx_word' id='word_1_439' title='bbox 2107 1688 2117 1705; x_wconf 85' lang='lat'><em>‚</em></span> <span class='ocrx_word' id='word_1_440' title='bbox 2136 1666 2178 1707; x_wconf 54' lang='lat' dir='ltr'>„hi</span> <span class='ocrx_word' id='word_1_441' title='bbox 2199 1664 2294 1700; x_wconf 88' lang='lat' dir='ltr'>sunt.</span> 
     </span>
    </p>
   </div>
   <div class='ocr_carea' id='block_1_15' title="bbox 415 1698 2296 1758">
    <p class='ocr_par' dir='ltr' id='par_1_15' title="bbox 415 1698 2296 1758">
     <span class='ocr_line' id='line_1_64' title="bbox 415 1698 2296 1758; baseline 0.006 -25"><span class='ocrx_word' id='word_1_442' title='bbox 415 1708 536 1734; x_wconf 79' lang='lat' dir='ltr'>caetera</span> <span class='ocrx_word' id='word_1_443' title='bbox 551 1698 653 1733; x_wconf 76' lang='lat' dir='ltr'>rubra</span> <span class='ocrx_word' id='word_1_444' title='bbox 668 1721 678 1738; x_wconf 86' lang='lat'><strong>‚</strong></span> <span class='ocrx_word' id='word_1_445' title='bbox 695 1700 870 1746; x_wconf 64' lang='lat' dir='ltr'>pellucido</span> <span class='ocrx_word' id='word_1_446' title='bbox 885 1724 893 1741; x_wconf 80' lang='grc'><em>,</em></span> <span class='ocrx_word' id='word_1_447' title='bbox 911 1705 941 1736; x_wconf 83' lang='lat'>&amp;</span> <span class='ocrx_word' id='word_1_448' title='bbox 955 1703 1192 1739; x_wconf 79' lang='lat' dir='ltr'>odoratiffima</span> <span class='ocrx_word' id='word_1_449' title='bbox 1207 1726 1218 1742; x_wconf 62' lang='lat'>2</span> <span class='ocrx_word' id='word_1_450' title='bbox 1231 1715 1365 1758; x_wconf 83' lang='lat' dir='ltr'>cun-D</span> <span class='ocrx_word' id='word_1_451' title='bbox 1382 1718 1543 1758; x_wconf 69' lang='lat' dir='ltr'>Namque</span> <span class='ocrx_word' id='word_1_452' title='bbox 1585 1712 1621 1742; x_wconf 90' lang='lat' dir='ltr'>in</span> <span class='ocrx_word' id='word_1_453' title='bbox 1649 1701 1797 1744; x_wconf 75' lang='lat' dir='ltr'>collium</span> <span class='ocrx_word' id='word_1_454' title='bbox 1830 1721 1923 1744; x_wconf 88' lang='lat' dir='ltr'>unco</span> <span class='ocrx_word' id='word_1_455' title='bbox 1951 1712 2082 1746; x_wconf 81' lang='lat' dir='ltr'>Gecala</span> <span class='ocrx_word' id='word_1_456' title='bbox 2121 1711 2296 1756; x_wconf 88' lang='lat' dir='ltr'>oppidum</span> 
     </span>
    </p>
   </div>
   <div class='ocr_carea' id='block_1_16' title="bbox 410 1743 1328 2690">
    <p class='ocr_par' dir='ltr' id='par_1_16' title="bbox 410 1743 1328 2690">
     <span class='ocr_line' id='line_1_65' title="bbox 414 1743 1320 1797; baseline 0.006 -18"><span class='ocrx_word' id='word_1_457' title='bbox 414 1746 468 1780; x_wconf 65' lang='lat' dir='ltr'>&amp;a</span> <span class='ocrx_word' id='word_1_458' title='bbox 495 1743 644 1793; x_wconf 78' lang='lat' dir='ltr'>preciosa</span> <span class='ocrx_word' id='word_1_459' title='bbox 673 1744 873 1781; x_wconf 68' lang='lat' dir='ltr'>habentur.</span> <span class='ocrx_word' id='word_1_460' title='bbox 900 1750 993 1785; x_wconf 80' lang='lat' dir='ltr'>Oleae</span> <span class='ocrx_word' id='word_1_461' title='bbox 1020 1748 1191 1797; x_wconf 77' lang='lat' dir='ltr'>nusquam</span> <span class='ocrx_word' id='word_1_462' title='bbox 1215 1761 1320 1794; x_wconf 79' lang='lat' dir='ltr'>gene-</span> 
     </span>
     <span class='ocr_line' id='line_1_66' title="bbox 413 1788 1320 1840; baseline 0.003 -15"><span class='ocrx_word' id='word_1_463' title='bbox 413 1788 519 1825; x_wconf 79' lang='lat' dir='ltr'>rostor</span> <span class='ocrx_word' id='word_1_464' title='bbox 544 1791 658 1835; x_wconf 82' lang='lat' dir='ltr'>liquor</span> <span class='ocrx_word' id='word_1_465' title='bbox 686 1805 695 1824; x_wconf 93' lang='grc'>·.</span> <span class='ocrx_word' id='word_1_466' title='bbox 731 1803 915 1834; x_wconf 82' lang='lat' dir='ltr'>pomorum</span> <span class='ocrx_word' id='word_1_467' title='bbox 960 1803 1000 1828; x_wconf 89' lang='lat' dir='ltr'>ut</span> <span class='ocrx_word' id='word_1_468' title='bbox 1028 1796 1149 1830; x_wconf 84' lang='lat' dir='ltr'>omnia</span> <span class='ocrx_word' id='word_1_469' title='bbox 1173 1806 1320 1840; x_wconf 78' lang='lat' dir='ltr'>genera,</span> 
     </span>
     <span class='ocr_line' id='line_1_67' title="bbox 410 1833 1320 1886; baseline 0.004 -16"><span class='ocrx_word' id='word_1_470' title='bbox 410 1838 465 1870; x_wconf 85' lang='lat' dir='ltr'>ita</span> <span class='ocrx_word' id='word_1_471' title='bbox 484 1835 593 1869; x_wconf 86' lang='lat' dir='ltr'>nullis</span> <span class='ocrx_word' id='word_1_472' title='bbox 618 1833 763 1870; x_wconf 80' lang='lat' dir='ltr'>secunda</span> <span class='ocrx_word' id='word_1_473' title='bbox 792 1836 901 1876; x_wconf 81' lang='lat' dir='ltr'>3sunt</span> <span class='ocrx_word' id='word_1_474' title='bbox 926 1836 1044 1886; x_wconf 78' lang='lat' dir='ltr'>specus</span> <span class='ocrx_word' id='word_1_475' title='bbox 1062 1863 1072 1880; x_wconf 88' lang='lat'><strong>‚</strong></span> <span class='ocrx_word' id='word_1_476' title='bbox 1100 1839 1179 1874; x_wconf 84' lang='lat' dir='ltr'>sunt</span> <span class='ocrx_word' id='word_1_477' title='bbox 1202 1839 1320 1886; x_wconf 86' lang='lat' dir='ltr'>specu-</span> 
     </span>
     <span class='ocr_line' id='line_1_68' title="bbox 411 1880 1322 1927; baseline 0.001 -11"><span class='ocrx_word' id='word_1_478' title='bbox 411 1881 453 1916; x_wconf 79' lang='lat' dir='ltr'>lae</span> <span class='ocrx_word' id='word_1_479' title='bbox 479 1903 490 1919; x_wconf 84' lang='lat'>‚</span> <span class='ocrx_word' id='word_1_480' title='bbox 512 1880 593 1914; x_wconf 87' lang='lat' dir='ltr'>sunt</span> <span class='ocrx_word' id='word_1_481' title='bbox 622 1880 818 1926; x_wconf 62' lang='lat' dir='ltr'>prospet‘lus</span> <span class='ocrx_word' id='word_1_482' title='bbox 840 1885 1025 1927; x_wconf 72' lang='lat' dir='ltr'>gratillimi</span> <span class='ocrx_word' id='word_1_483' title='bbox 1054 1900 1063 1920; x_wconf 89' lang='lat'>:</span> <span class='ocrx_word' id='word_1_484' title='bbox 1089 1888 1198 1921; x_wconf 70' lang='lat' dir='ltr'>:estote</span> <span class='ocrx_word' id='word_1_485' title='bbox 1223 1896 1322 1919; x_wconf 76' lang='lat' dir='ltr'>auras</span> 
     </span>
     <span class='ocr_line' id='line_1_69' title="bbox 413 1927 1326 1976; baseline 0.005 -17"><span class='ocrx_word' id='word_1_486' title='bbox 413 1935 598 1971; x_wconf 86' lang='lat' dir='ltr'>perpetuas</span> <span class='ocrx_word' id='word_1_487' title='bbox 622 1948 634 1964; x_wconf 84' lang='lat'>·,</span> <span class='ocrx_word' id='word_1_488' title='bbox 661 1927 783 1972; x_wconf 62' lang='lat' dir='ltr'>hyeme</span> <span class='ocrx_word' id='word_1_489' title='bbox 813 1931 1038 1973; x_wconf 66' lang='lat' dir='ltr'>apricitatem</span> <span class='ocrx_word' id='word_1_490' title='bbox 1074 1943 1239 1976; x_wconf 82' lang='lat' dir='ltr'>magnam</span> <span class='ocrx_word' id='word_1_491' title='bbox 1267 1932 1326 1964; x_wconf 87' lang='lat' dir='ltr'>in-</span> 
     </span>
     <span class='ocr_line' id='line_1_70' title="bbox 413 1972 1324 2024; baseline 0.005 -19"><span class='ocrx_word' id='word_1_492' title='bbox 413 1972 517 2005; x_wconf 84' lang='lat' dir='ltr'>venis</span> <span class='ocrx_word' id='word_1_493' title='bbox 547 1993 558 2009; x_wconf 91' lang='lat'>,</span> <span class='ocrx_word' id='word_1_494' title='bbox 585 1973 683 2005; x_wconf 79' lang='lat' dir='ltr'>nives</span> <span class='ocrx_word' id='word_1_495' title='bbox 708 1995 718 2011; x_wconf 89' lang='lat'>‚</span> <span class='ocrx_word' id='word_1_496' title='bbox 755 1983 815 2008; x_wconf 75' lang='lat' dir='ltr'>aut</span> <span class='ocrx_word' id='word_1_497' title='bbox 842 1976 919 2018; x_wconf 78' lang='lat' dir='ltr'>gelu</span> <span class='ocrx_word' id='word_1_498' title='bbox 953 1999 964 2014; x_wconf 92' lang='lat'>‚</span> <span class='ocrx_word' id='word_1_499' title='bbox 995 1987 1056 2011; x_wconf 88' lang='lat' dir='ltr'>aut</span> <span class='ocrx_word' id='word_1_500' title='bbox 1090 1978 1234 2024; x_wconf 78' lang='lat' dir='ltr'>pruinas</span> <span class='ocrx_word' id='word_1_501' title='bbox 1263 1989 1324 2010; x_wconf 77' lang='lat' dir='ltr'>ne-</span> 
     </span>
     <span class='ocr_line' id='line_1_71' title="bbox 413 2016 1325 2065; baseline 0.004 -15"><span class='ocrx_word' id='word_1_502' title='bbox 413 2016 530 2051; x_wconf 80' lang='lat' dir='ltr'>sciunt</span> <span class='ocrx_word' id='word_1_503' title='bbox 556 2017 592 2050; x_wconf 76' lang='lat' dir='ltr'>hi</span> <span class='ocrx_word' id='word_1_504' title='bbox 617 2018 722 2052; x_wconf 84' lang='lat' dir='ltr'>colles</span> <span class='ocrx_word' id='word_1_505' title='bbox 746 2043 754 2052; x_wconf 90' lang='lat'><strong>.</strong></span> <span class='ocrx_word' id='word_1_506' title='bbox 779 2021 1020 2065; x_wconf 60' lang='lat' dir='ltr'>Qamobrem</span> <span class='ocrx_word' id='word_1_507' title='bbox 1048 2022 1179 2058; x_wconf 68' lang='lat' dir='ltr'>fruetus</span> <span class='ocrx_word' id='word_1_508' title='bbox 1205 2025 1234 2055; x_wconf 62' lang='grc' dir='ltr'>δι</span> <span class='ocrx_word' id='word_1_509' title='bbox 1261 2021 1325 2055; x_wconf 83' lang='lat' dir='ltr'>flo-</span> 
     </span>
     <span class='ocr_line' id='line_1_72' title="bbox 412 2065 1322 2109; baseline 0.007 -15"><span class='ocrx_word' id='word_1_510' title='bbox 412 2073 466 2098; x_wconf 80' lang='lat' dir='ltr'>res</span> <span class='ocrx_word' id='word_1_511' title='bbox 492 2072 661 2104; x_wconf 67' lang='lat' dir='ltr'>praecoces</span> <span class='ocrx_word' id='word_1_512' title='bbox 684 2075 790 2108; x_wconf 70' lang='lat' dir='ltr'>quam</span> <span class='ocrx_word' id='word_1_513' title='bbox 817 2065 963 2109; x_wconf 79' lang='lat' dir='ltr'>plurimi</span> <span class='ocrx_word' id='word_1_514' title='bbox 994 2069 1030 2100; x_wconf 90' lang='lat' dir='ltr'>in</span> <span class='ocrx_word' id='word_1_515' title='bbox 1059 2071 1107 2102; x_wconf 84' lang='lat' dir='ltr'>eis</span> <span class='ocrx_word' id='word_1_516' title='bbox 1143 2069 1322 2101; x_wconf 77' lang='lat' dir='ltr'>veniunt:</span> 
     </span>
     <span class='ocr_line' id='line_1_73' title="bbox 414 2106 1324 2153; baseline 0.005 -13"><span class='ocrx_word' id='word_1_517' title='bbox 414 2106 478 2140; x_wconf 75' lang='lat' dir='ltr'>alii</span> <span class='ocrx_word' id='word_1_518' title='bbox 506 2115 629 2140; x_wconf 84' lang='lat' dir='ltr'>contra</span> <span class='ocrx_word' id='word_1_519' title='bbox 651 2107 793 2143; x_wconf 81' lang='lat' dir='ltr'>serotini</span> <span class='ocrx_word' id='word_1_520' title='bbox 822 2108 928 2153; x_wconf 75' lang='lat' dir='ltr'>usque</span> <span class='ocrx_word' id='word_1_521' title='bbox 957 2112 996 2146; x_wconf 69' lang='lat' dir='ltr'>ad</span> <span class='ocrx_word' id='word_1_522' title='bbox 1022 2113 1184 2152; x_wconf 70' lang='lat' dir='ltr'>hyemem</span> <span class='ocrx_word' id='word_1_523' title='bbox 1207 2114 1243 2146; x_wconf 91' lang='lat' dir='ltr'>in</span> <span class='ocrx_word' id='word_1_524' title='bbox 1271 2124 1324 2145; x_wconf 83' lang='lat' dir='ltr'>ar-</span> 
     </span>
     <span class='ocr_line' id='line_1_74' title="bbox 412 2151 1321 2204; baseline 0.007 -18"><span class='ocrx_word' id='word_1_525' title='bbox 412 2151 559 2187; x_wconf 88' lang='lat' dir='ltr'>boribus</span> <span class='ocrx_word' id='word_1_526' title='bbox 585 2154 805 2198; x_wconf 73' lang='lat' dir='ltr'>integerrimi</span> <span class='ocrx_word' id='word_1_527' title='bbox 848 2153 1148 2204; x_wconf 67' lang='lat' dir='ltr'>pulcherrimique</span> <span class='ocrx_word' id='word_1_528' title='bbox 1183 2157 1321 2192; x_wconf 80' lang='lat' dir='ltr'>servan·</span> 
     </span>
     <span class='ocr_line' id='line_1_75' title="bbox 412 2206 510 2232; baseline 0.02 -2"><span class='ocrx_word' id='word_1_529' title='bbox 412 2206 474 2230; x_wconf 84' lang='lat' dir='ltr'>tur</span> <span class='ocrx_word' id='word_1_530' title='bbox 501 2223 510 2232; x_wconf 89' lang='lat'><em>.</em></span> 
     </span>
     <span class='ocr_line' id='line_1_76' title="bbox 413 2244 1325 2293; baseline 0.003 -15"><span class='ocrx_word' id='word_1_531' title='bbox 413 2253 509 2281; x_wconf 76' lang='lat' dir='ltr'>:nus-1</span> <span class='ocrx_word' id='word_1_532' title='bbox 531 2244 703 2287; x_wconf 63' lang='lat' dir='ltr'>CUpreffiis</span> <span class='ocrx_word' id='word_1_533' title='bbox 719 2266 730 2281; x_wconf 64' lang='lat' dir='ltr'><em>v</em></span> <span class='ocrx_word' id='word_1_534' title='bbox 756 2256 894 2291; x_wconf 80' lang='lat' dir='ltr'>myrtus</span> <span class='ocrx_word' id='word_1_535' title='bbox 918 2270 927 2285; x_wconf 64' lang='lat' dir='ltr'>a</span> <span class='ocrx_word' id='word_1_536' title='bbox 959 2246 1196 2286; x_wconf 70' lang='lat' dir='ltr'>rosmarinus,</span> <span class='ocrx_word' id='word_1_537' title='bbox 1222 2256 1325 2293; x_wconf 85' lang='lat' dir='ltr'>atque</span> 
     </span>
     <span class='ocr_line' id='line_1_77' title="bbox 413 2288 1325 2338; baseline 0.004 -17"><span class='ocrx_word' id='word_1_538' title='bbox 413 2288 615 2333; x_wconf 85' lang='lat' dir='ltr'>complures</span> <span class='ocrx_word' id='word_1_539' title='bbox 652 2288 799 2324; x_wconf 71' lang='lat' dir='ltr'>frutices</span> <span class='ocrx_word' id='word_1_540' title='bbox 837 2290 1008 2338; x_wconf 73' lang='lat' dir='ltr'>nusquam</span> <span class='ocrx_word' id='word_1_541' title='bbox 1054 2293 1214 2328; x_wconf 85' lang='lat' dir='ltr'>frondem</span> <span class='ocrx_word' id='word_1_542' title='bbox 1253 2294 1325 2327; x_wconf 87' lang='lat' dir='ltr'>lin-</span> 
     </span>
     <span class='ocr_line' id='line_1_78' title="bbox 414 2334 1324 2383; baseline 0.009 -18"><span class='ocrx_word' id='word_1_543' title='bbox 414 2342 562 2380; x_wconf 79' lang='lat' dir='ltr'>quentes</span> <span class='ocrx_word' id='word_1_544' title='bbox 584 2354 595 2371; x_wconf 86' lang='lat'><strong>‚</strong></span> <span class='ocrx_word' id='word_1_545' title='bbox 625 2334 844 2370; x_wconf 64' lang='lat' dir='ltr'>medicorum</span> <span class='ocrx_word' id='word_1_546' title='bbox 883 2338 1071 2374; x_wconf 65' lang='lat' dir='ltr'>herbarum</span> <span class='ocrx_word' id='word_1_547' title='bbox 1108 2342 1231 2383; x_wconf 81' lang='lat' dir='ltr'>ingens</span> <span class='ocrx_word' id='word_1_548' title='bbox 1254 2349 1324 2373; x_wconf 84' lang='lat' dir='ltr'>nu-</span> 
     </span>
     <span class='ocr_line' id='line_1_79' title="bbox 416 2379 1322 2431; baseline 0.006 -20"><span class='ocrx_word' id='word_1_549' title='bbox 416 2390 534 2414; x_wconf 85' lang='lat' dir='ltr'>merus</span> <span class='ocrx_word' id='word_1_550' title='bbox 558 2401 566 2410; x_wconf 91' lang='lat'><strong><em>.</em></strong></span> <span class='ocrx_word' id='word_1_551' title='bbox 591 2379 728 2423; x_wconf 81' lang='lat' dir='ltr'>Apibus</span> <span class='ocrx_word' id='word_1_552' title='bbox 761 2391 853 2415; x_wconf 83' lang='lat' dir='ltr'>certa</span> <span class='ocrx_word' id='word_1_553' title='bbox 884 2391 986 2428; x_wconf 82' lang='lat' dir='ltr'>atque</span> <span class='ocrx_word' id='word_1_554' title='bbox 1010 2394 1129 2431; x_wconf 80' lang='lat' dir='ltr'>optata</span> <span class='ocrx_word' id='word_1_555' title='bbox 1163 2383 1295 2419; x_wconf 75' lang='lat' dir='ltr'>manlio</span> <span class='ocrx_word' id='word_1_556' title='bbox 1312 2396 1322 2416; x_wconf 89' lang='lat'>:</span> 
     </span>
     <span class='ocr_line' id='line_1_80' title="bbox 417 2421 1324 2472; baseline 0.007 -15"><span class='ocrx_word' id='word_1_557' title='bbox 417 2421 647 2457; x_wconf 72' lang='lat' dir='ltr'>lusciniarum</span> <span class='ocrx_word' id='word_1_558' title='bbox 676 2446 686 2462; x_wconf 76' lang='grc'>,</span> <span class='ocrx_word' id='word_1_559' title='bbox 723 2427 943 2472; x_wconf 80' lang='lat' dir='ltr'>aliarumque</span> <span class='ocrx_word' id='word_1_560' title='bbox 970 2430 1194 2464; x_wconf 68' lang='lat' dir='ltr'>avitularum</span> <span class='ocrx_word' id='word_1_561' title='bbox 1219 2440 1324 2463; x_wconf 87' lang='lat' dir='ltr'>voca-</span> 
     </span>
     <span class='ocr_line' id='line_1_81' title="bbox 413 2468 1325 2510; baseline 0.005 -8"><span class='ocrx_word' id='word_1_562' title='bbox 413 2469 516 2502; x_wconf 66' lang='lat' dir='ltr'>litate</span> <span class='ocrx_word' id='word_1_563' title='bbox 543 2468 783 2510; x_wconf 60' lang='lat' dir='ltr'>&lt;gaudentium</span> <span class='ocrx_word' id='word_1_564' title='bbox 810 2473 943 2506; x_wconf 74' lang='lat' dir='ltr'>civitas</span> <span class='ocrx_word' id='word_1_565' title='bbox 970 2475 1006 2509; x_wconf 91' lang='lat' dir='ltr'>in</span> <span class='ocrx_word' id='word_1_566' title='bbox 1033 2478 1081 2508; x_wconf 87' lang='lat' dir='ltr'>eis</span> <span class='ocrx_word' id='word_1_567' title='bbox 1110 2475 1260 2509; x_wconf 89' lang='lat' dir='ltr'>collibus</span> <span class='ocrx_word' id='word_1_568' title='bbox 1273 2472 1325 2508; x_wconf 84' lang='lat' dir='ltr'>es-</span> 
     </span>
     <span class='ocr_line' id='line_1_82' title="bbox 415 2497 1328 2563; baseline 0.008 -17"><span class='ocrx_word' id='word_1_569' title='bbox 415 2512 446 2547; x_wconf 84' lang='lat' dir='ltr'>se</span> <span class='ocrx_word' id='word_1_570' title='bbox 474 2497 629 2547; x_wconf 81' lang='lat' dir='ltr'>creditur</span> <span class='ocrx_word' id='word_1_571' title='bbox 663 2539 672 2547; x_wconf 90' lang='lat'><strong>.</strong></span> <span class='ocrx_word' id='word_1_572' title='bbox 716 2518 760 2549; x_wconf 82' lang='lat' dir='ltr'>Et</span> <span class='ocrx_word' id='word_1_573' title='bbox 787 2528 830 2550; x_wconf 91' lang='lat' dir='ltr'>ne</span> <span class='ocrx_word' id='word_1_574' title='bbox 866 2519 1057 2563; x_wconf 77' lang='lat' dir='ltr'>aliquando</span> <span class='ocrx_word' id='word_1_575' title='bbox 1094 2531 1190 2553; x_wconf 82' lang='lat' dir='ltr'>aures</span> <span class='ocrx_word' id='word_1_576' title='bbox 1215 2516 1328 2554; x_wconf 80' lang='lat' dir='ltr'>offen-</span> 
     </span>
     <span class='ocr_line' id='line_1_83' title="bbox 418 2557 1326 2611; baseline 0.007 -20"><span class='ocrx_word' id='word_1_577' title='bbox 418 2558 478 2591; x_wconf 65' lang='lat' dir='ltr'>&lt;lat</span> <span class='ocrx_word' id='word_1_578' title='bbox 507 2558 636 2592; x_wconf 77' lang='lat' dir='ltr'>Gecala</span> <span class='ocrx_word' id='word_1_579' title='bbox 673 2557 787 2594; x_wconf 84' lang='lat' dir='ltr'>dulcis</span> <span class='ocrx_word' id='word_1_580' title='bbox 813 2583 823 2598; x_wconf 80' lang='lat'><strong>‚</strong></span> <span class='ocrx_word' id='word_1_581' title='bbox 860 2562 997 2597; x_wconf 70' lang='lat' dir='ltr'>cicadas</span> <span class='ocrx_word' id='word_1_582' title='bbox 1037 2565 1153 2599; x_wconf 79' lang='lat' dir='ltr'>nullas</span> <span class='ocrx_word' id='word_1_583' title='bbox 1182 2566 1326 2611; x_wconf 76' lang='lat' dir='ltr'>gignit,</span> 
     </span>
     <span class='ocr_line' id='line_1_84' title="bbox 421 2602 1327 2655; baseline 0.007 -19"><span class='ocrx_word' id='word_1_584' title='bbox 421 2602 656 2649; x_wconf 71' lang='lat' dir='ltr'>admittitque</span> <span class='ocrx_word' id='word_1_585' title='bbox 681 2625 692 2642; x_wconf 80' lang='lat'><strong>‚</strong></span> <span class='ocrx_word' id='word_1_586' title='bbox 721 2606 834 2641; x_wconf 84' lang='lat' dir='ltr'>veluti</span> <span class='ocrx_word' id='word_1_587' title='bbox 863 2611 980 2643; x_wconf 86' lang='lat' dir='ltr'>omnis</span> <span class='ocrx_word' id='word_1_588' title='bbox 1006 2621 1085 2655; x_wconf 76' lang='lat' dir='ltr'>ager</span> <span class='ocrx_word' id='word_1_589' title='bbox 1113 2612 1271 2644; x_wconf 88' lang='lat' dir='ltr'>Nolanus</span> <span class='ocrx_word' id='word_1_590' title='bbox 1293 2621 1327 2642; x_wconf 87' lang='lat' dir='ltr'>e-</span> 
     </span>
     <span class='ocr_line' id='line_1_85' title="bbox 417 2649 1323 2690; baseline 0.007 -8"><span class='ocrx_word' id='word_1_591' title='bbox 417 2651 506 2682; x_wconf 86' lang='lat' dir='ltr'>tiam</span> <span class='ocrx_word' id='word_1_592' title='bbox 537 2659 573 2682; x_wconf 82' lang='lat' dir='ltr'>ea</span> <span class='ocrx_word' id='word_1_593' title='bbox 601 2649 756 2684; x_wconf 79' lang='lat' dir='ltr'>molestia</span> <span class='ocrx_word' id='word_1_594' title='bbox 783 2663 876 2687; x_wconf 84' lang='lat' dir='ltr'>caret</span> <span class='ocrx_word' id='word_1_595' title='bbox 918 2678 927 2686; x_wconf 88' lang='lat'><strong><em>.</em></strong></span> <span class='ocrx_word' id='word_1_596' title='bbox 965 2657 1120 2689; x_wconf 76' lang='lat' dir='ltr'>Demum</span> <span class='ocrx_word' id='word_1_597' title='bbox 1161 2655 1265 2690; x_wconf 80' lang='lat' dir='ltr'>colles</span> <span class='ocrx_word' id='word_1_598' title='bbox 1288 2654 1323 2688; x_wconf 79' lang='lat' dir='ltr'>hi</span> 
     </span>
    </p>
   </div>
   <div class='ocr_carea' id='block_1_17' title="bbox 539 2198 1363 2262">
    <p class='ocr_par' dir='ltr' id='par_1_17' title="bbox 539 2198 1363 2262">
     <span class='ocr_line' id='line_1_86' title="bbox 539 2198 1363 2262; baseline 0.015 -32"><span class='ocrx_word' id='word_1_599' title='bbox 539 2198 743 2233; x_wconf 77' lang='lat' dir='ltr'>citreorum</span> <span class='ocrx_word' id='word_1_600' title='bbox 772 2202 858 2234; x_wconf 86' lang='lat' dir='ltr'>item</span> <span class='ocrx_word' id='word_1_601' title='bbox 884 2205 1000 2237; x_wconf 83' lang='lat' dir='ltr'>omnis</span> <span class='ocrx_word' id='word_1_602' title='bbox 1024 2207 1174 2238; x_wconf 75' lang='lat' dir='ltr'>varietas</span> <span class='ocrx_word' id='word_1_603' title='bbox 1203 2225 1214 2241; x_wconf 68' lang='grc' dir='ltr'>ι,</span> <span class='ocrx_word' id='word_1_604' title='bbox 1240 2214 1363 2262; x_wconf 80' lang='lat' dir='ltr'>prU·E</span> 
     </span>
    </p>
   </div>
   <div class='ocr_carea' id='block_1_18' title="bbox 1378 1755 2296 2659">
    <p class='ocr_par' dir='ltr' id='par_1_18' title="bbox 1378 1755 2296 2659">
     <span class='ocr_line' id='line_1_87' title="bbox 1378 1755 2296 1802; baseline -0.004 -7"><span class='ocrx_word' id='word_1_605' title='bbox 1378 1755 1675 1802; x_wconf 62' lang='lat' dir='ltr'>circunspet‘tatur</span> <span class='ocrx_word' id='word_1_606' title='bbox 1705 1766 1716 1793; x_wconf 79' lang='lat'>3</span> <span class='ocrx_word' id='word_1_607' title='bbox 1752 1756 1818 1789; x_wconf 70' lang='lat' dir='ltr'>hoc</span> <span class='ocrx_word' id='word_1_608' title='bbox 1841 1757 2003 1800; x_wconf 83' lang='lat' dir='ltr'>primum</span> <span class='ocrx_word' id='word_1_609' title='bbox 2029 1755 2047 1791; x_wconf 69' lang='grc' dir='ltr'>ὲ</span> <span class='ocrx_word' id='word_1_610' title='bbox 2080 1758 2228 1792; x_wconf 73' lang='lat' dir='ltr'>Nolanis</span> <span class='ocrx_word' id='word_1_611' title='bbox 2252 1769 2296 1791; x_wconf 83' lang='lat' dir='ltr'>ae-</span> 
     </span>
     <span class='ocr_line' id='line_1_88' title="bbox 1378 1799 2292 1847; baseline -0.001 -10"><span class='ocrx_word' id='word_1_612' title='bbox 1378 1803 1564 1839; x_wconf 78' lang='lat' dir='ltr'>dificatum</span> <span class='ocrx_word' id='word_1_613' title='bbox 1594 1801 1681 1837; x_wconf 76' lang='lat' dir='ltr'>effe,</span> <span class='ocrx_word' id='word_1_614' title='bbox 1711 1799 1848 1834; x_wconf 80' lang='lat' dir='ltr'>credere</span> <span class='ocrx_word' id='word_1_615' title='bbox 1874 1800 1960 1834; x_wconf 90' lang='lat' dir='ltr'>licet</span> <span class='ocrx_word' id='word_1_616' title='bbox 1984 1814 1994 1835; x_wconf 89' lang='lat'><strong>:</strong></span> <span class='ocrx_word' id='word_1_617' title='bbox 2022 1802 2120 1837; x_wconf 78' lang='lat' dir='ltr'>simul</span> <span class='ocrx_word' id='word_1_618' title='bbox 2150 1811 2292 1847; x_wconf 86' lang='lat' dir='ltr'>propter</span> 
     </span>
     <span class='ocr_line' id='line_1_89' title="bbox 1379 1844 2290 1885; baseline -0.001 -3"><span class='ocrx_word' id='word_1_619' title='bbox 1379 1847 1464 1885; x_wconf 78' lang='lat' dir='ltr'>belli</span> <span class='ocrx_word' id='word_1_620' title='bbox 1493 1844 1720 1885; x_wconf 72' lang='lat' dir='ltr'>occasiones(</span> <span class='ocrx_word' id='word_1_621' title='bbox 1751 1847 1918 1879; x_wconf 69' lang='lat' dir='ltr'>imminet</span> <span class='ocrx_word' id='word_1_622' title='bbox 1944 1859 1979 1879; x_wconf 88' lang='lat' dir='ltr'>n.</span> <span class='ocrx_word' id='word_1_623' title='bbox 2002 1848 2082 1882; x_wconf 87' lang='lat' dir='ltr'>urbi</span> <span class='ocrx_word' id='word_1_624' title='bbox 2114 1846 2210 1881; x_wconf 78' lang='lat' dir='ltr'>Nolae</span> <span class='ocrx_word' id='word_1_625' title='bbox 2240 1849 2290 1881; x_wconf 93' lang='lat' dir='ltr'>lo-</span> 
     </span>
     <span class='ocr_line' id='line_1_90' title="bbox 1379 1889 2292 1936; baseline -0.003 -7"><span class='ocrx_word' id='word_1_626' title='bbox 1379 1906 1440 1930; x_wconf 86' lang='lat' dir='ltr'>cus</span> <span class='ocrx_word' id='word_1_627' title='bbox 1470 1895 1521 1935; x_wconf 81' lang='lat' dir='ltr'>is)</span> <span class='ocrx_word' id='word_1_628' title='bbox 1549 1889 1648 1924; x_wconf 78' lang='lat' dir='ltr'>simul</span> <span class='ocrx_word' id='word_1_629' title='bbox 1682 1892 1790 1924; x_wconf 88' lang='lat' dir='ltr'>etiam</span> <span class='ocrx_word' id='word_1_630' title='bbox 1828 1900 1970 1936; x_wconf 70' lang='lat' dir='ltr'>propter</span> <span class='ocrx_word' id='word_1_631' title='bbox 2011 1890 2292 1927; x_wconf 83' lang='lat' dir='ltr'>commodiorem</span> 
     </span>
     <span class='ocr_line' id='line_1_91' title="bbox 1380 1935 2293 1974; baseline -0.003 0"><span class='ocrx_word' id='word_1_632' title='bbox 1380 1951 1502 1974; x_wconf 86' lang='lat' dir='ltr'>eorum</span> <span class='ocrx_word' id='word_1_633' title='bbox 1530 1936 1676 1970; x_wconf 87' lang='lat' dir='ltr'>collium</span> <span class='ocrx_word' id='word_1_634' title='bbox 1716 1935 1853 1969; x_wconf 87' lang='lat' dir='ltr'>cultum</span> <span class='ocrx_word' id='word_1_635' title='bbox 1881 1960 1891 1968; x_wconf 90' lang='lat'>.</span> <span class='ocrx_word' id='word_1_636' title='bbox 1933 1937 2090 1972; x_wconf 77' lang='lat' dir='ltr'>Nolanos</span> <span class='ocrx_word' id='word_1_637' title='bbox 2118 1948 2200 1972; x_wconf 86' lang='lat' dir='ltr'>vero</span> <span class='ocrx_word' id='word_1_638' title='bbox 2226 1938 2293 1972; x_wconf 84' lang='lat' dir='ltr'>ali-</span> 
     </span>
     <span class='ocr_line' id='line_1_92' title="bbox 1380 1979 2293 2031; baseline -0.002 -13"><span class='ocrx_word' id='word_1_639' title='bbox 1380 1996 1466 2031; x_wconf 85' lang='lat' dir='ltr'>quos</span> <span class='ocrx_word' id='word_1_640' title='bbox 1494 1996 1534 2017; x_wconf 84' lang='lat' dir='ltr'>eo</span> <span class='ocrx_word' id='word_1_641' title='bbox 1560 1980 1764 2016; x_wconf 75' lang='lat' dir='ltr'>habitatum</span> <span class='ocrx_word' id='word_1_642' title='bbox 1794 1979 1975 2016; x_wconf 73' lang='lat' dir='ltr'>ascendisse</span> <span class='ocrx_word' id='word_1_643' title='bbox 2010 1984 2122 2016; x_wconf 86' lang='lat' dir='ltr'>veluti</span> <span class='ocrx_word' id='word_1_644' title='bbox 2161 1983 2198 2015; x_wconf 86' lang='lat' dir='ltr'>in</span> <span class='ocrx_word' id='word_1_645' title='bbox 2234 1995 2293 2017; x_wconf 85' lang='lat' dir='ltr'>co-</span> 
     </span>
     <span class='ocr_line' id='line_1_93' title="bbox 1383 2023 2293 2072; baseline -0.002 -8"><span class='ocrx_word' id='word_1_646' title='bbox 1383 2031 1518 2065; x_wconf 81' lang='lat' dir='ltr'>loniam</span> <span class='ocrx_word' id='word_1_647' title='bbox 1549 2023 1724 2072; x_wconf 80' lang='lat' dir='ltr'>quandam</span> <span class='ocrx_word' id='word_1_648' title='bbox 1755 2047 1765 2063; x_wconf 90' lang='lat'><strong>‚</strong></span> <span class='ocrx_word' id='word_1_649' title='bbox 1800 2024 1938 2060; x_wconf 81' lang='lat' dir='ltr'>indicio</span> <span class='ocrx_word' id='word_1_650' title='bbox 1963 2027 2006 2062; x_wconf 87' lang='lat' dir='ltr'>est</span> <span class='ocrx_word' id='word_1_651' title='bbox 2033 2028 2122 2062; x_wconf 89' lang='lat' dir='ltr'>illud</span> <span class='ocrx_word' id='word_1_652' title='bbox 2147 2050 2158 2067; x_wconf 87' lang='lat'>‚</span> <span class='ocrx_word' id='word_1_653' title='bbox 2197 2028 2293 2070; x_wconf 81' lang='lat' dir='ltr'>quod</span> 
     </span>
     <span class='ocr_line' id='line_1_94' title="bbox 1380 2069 2293 2119; baseline 0.001 -10"><span class='ocrx_word' id='word_1_654' title='bbox 1380 2077 1424 2109; x_wconf 78' lang='lat' dir='ltr'>ab</span> <span class='ocrx_word' id='word_1_655' title='bbox 1452 2075 1600 2118; x_wconf 80' lang='lat' dir='ltr'>antiquo</span> <span class='ocrx_word' id='word_1_656' title='bbox 1627 2076 1782 2119; x_wconf 82' lang='lat' dir='ltr'>tempore</span> <span class='ocrx_word' id='word_1_657' title='bbox 1809 2069 1848 2106; x_wconf 87' lang='lat' dir='ltr'>ad</span> <span class='ocrx_word' id='word_1_658' title='bbox 1874 2071 2028 2108; x_wconf 81' lang='lat' dir='ltr'>nostram</span> <span class='ocrx_word' id='word_1_659' title='bbox 2066 2072 2174 2119; x_wconf 85' lang='lat' dir='ltr'>usque</span> <span class='ocrx_word' id='word_1_660' title='bbox 2201 2084 2293 2110; x_wconf 84' lang='lat' dir='ltr'>tem-</span> 
     </span>
     <span class='ocr_line' id='line_1_95' title="bbox 1380 2117 2291 2166; baseline -0.001 -12"><span class='ocrx_word' id='word_1_661' title='bbox 1380 2119 1543 2166; x_wconf 77' lang='lat' dir='ltr'>pestatem</span> <span class='ocrx_word' id='word_1_662' title='bbox 1571 2118 1608 2150; x_wconf 93' lang='lat' dir='ltr'>in</span> <span class='ocrx_word' id='word_1_663' title='bbox 1633 2118 1695 2149; x_wconf 84' lang='lat' dir='ltr'>ulu</span> <span class='ocrx_word' id='word_1_664' title='bbox 1722 2117 1869 2152; x_wconf 85' lang='lat' dir='ltr'>Nolanis</span> <span class='ocrx_word' id='word_1_665' title='bbox 1896 2117 1939 2150; x_wconf 87' lang='lat' dir='ltr'>est</span> <span class='ocrx_word' id='word_1_666' title='bbox 1967 2143 1977 2151; x_wconf 92' lang='lat'><strong>.</strong></span> <span class='ocrx_word' id='word_1_667' title='bbox 2041 2130 2126 2165; x_wconf 80' lang='lat' dir='ltr'>uum</span> <span class='ocrx_word' id='word_1_668' title='bbox 2153 2132 2191 2153; x_wconf 85' lang='lat' dir='ltr'>n.</span> <span class='ocrx_word' id='word_1_669' title='bbox 2215 2131 2291 2153; x_wconf 87' lang='lat' dir='ltr'>ma-</span> 
     </span>
     <span class='ocr_line' id='line_1_96' title="bbox 1380 2161 2290 2210; baseline -0.003 -11"><span class='ocrx_word' id='word_1_670' title='bbox 1380 2166 1549 2199; x_wconf 84' lang='lat' dir='ltr'>trimonia</span> <span class='ocrx_word' id='word_1_671' title='bbox 1578 2163 1756 2206; x_wconf 83' lang='lat' dir='ltr'>nuptiaeve</span> <span class='ocrx_word' id='word_1_672' title='bbox 1798 2161 2005 2197; x_wconf 86' lang='lat' dir='ltr'>sanciuntur</span> <span class='ocrx_word' id='word_1_673' title='bbox 2040 2186 2051 2202; x_wconf 84' lang='lat'><strong>‚</strong></span> <span class='ocrx_word' id='word_1_674' title='bbox 2091 2165 2290 2210; x_wconf 58' lang='lat' dir='ltr'>poetaque,</span> 
     </span>
     <span class='ocr_line' id='line_1_97' title="bbox 1380 2205 2291 2255; baseline 0.001 -12"><span class='ocrx_word' id='word_1_675' title='bbox 1380 2214 1409 2245; x_wconf 67' lang='grc' dir='ltr'>δε</span> <span class='ocrx_word' id='word_1_676' title='bbox 1434 2209 1531 2243; x_wconf 84' lang='lat' dir='ltr'>dotes</span> <span class='ocrx_word' id='word_1_677' title='bbox 1555 2205 1767 2253; x_wconf 82' lang='lat' dir='ltr'>spondentur</span> <span class='ocrx_word' id='word_1_678' title='bbox 1794 2230 1805 2247; x_wconf 88' lang='lat'><strong>‚</strong></span> <span class='ocrx_word' id='word_1_679' title='bbox 1832 2208 1894 2241; x_wconf 82' lang='lat' dir='ltr'>illa</span> <span class='ocrx_word' id='word_1_680' title='bbox 1920 2219 2016 2243; x_wconf 86' lang='lat' dir='ltr'>more</span> <span class='ocrx_word' id='word_1_681' title='bbox 2049 2210 2200 2255; x_wconf 87' lang='lat' dir='ltr'>antiquo</span> <span class='ocrx_word' id='word_1_682' title='bbox 2216 2212 2291 2244; x_wconf 90' lang='lat' dir='ltr'>No—</span> 
     </span>
     <span class='ocr_line' id='line_1_98' title="bbox 1386 2250 2290 2301; baseline 0.002 -13"><span class='ocrx_word' id='word_1_683' title='bbox 1386 2257 1423 2291; x_wconf 84' lang='lat' dir='ltr'>lae</span> <span class='ocrx_word' id='word_1_684' title='bbox 1449 2264 1554 2299; x_wconf 84' lang='lat' dir='ltr'>atque</span> <span class='ocrx_word' id='word_1_685' title='bbox 1579 2251 1716 2286; x_wconf 81' lang='lat' dir='ltr'>Gecalae</span> <span class='ocrx_word' id='word_1_686' title='bbox 1741 2262 1815 2287; x_wconf 84' lang='lat' dir='ltr'>rata</span> <span class='ocrx_word' id='word_1_687' title='bbox 1842 2250 1968 2286; x_wconf 81' lang='lat' dir='ltr'>servari</span> <span class='ocrx_word' id='word_1_688' title='bbox 1996 2262 2153 2299; x_wconf 85' lang='lat' dir='ltr'>oportere</span> <span class='ocrx_word' id='word_1_689' title='bbox 2171 2257 2290 2301; x_wconf 80' lang='lat' dir='ltr'>expri-</span> 
     </span>
     <span class='ocr_line' id='line_1_99' title="bbox 1383 2295 2292 2345; baseline -0.001 -11"><span class='ocrx_word' id='word_1_690' title='bbox 1383 2309 1531 2337; x_wconf 86' lang='lat' dir='ltr'>muntur</span> <span class='ocrx_word' id='word_1_691' title='bbox 1557 2320 1568 2336; x_wconf 91' lang='lat'>‚</span> <span class='ocrx_word' id='word_1_692' title='bbox 1594 2295 1687 2341; x_wconf 89' lang='lat' dir='ltr'>quod</span> <span class='ocrx_word' id='word_1_693' title='bbox 1706 2300 1890 2344; x_wconf 81' lang='lat' dir='ltr'>proprium</span> <span class='ocrx_word' id='word_1_694' title='bbox 1916 2297 1961 2331; x_wconf 84' lang='lat' dir='ltr'>est</span> <span class='ocrx_word' id='word_1_695' title='bbox 1988 2297 2160 2345; x_wconf 85' lang='lat' dir='ltr'>suumque</span> <span class='ocrx_word' id='word_1_696' title='bbox 2195 2301 2292 2334; x_wconf 90' lang='lat' dir='ltr'>colo-</span> 
     </span>
     <span class='ocr_line' id='line_1_100' title="bbox 1382 2341 2288 2390; baseline -0.002 -9"><span class='ocrx_word' id='word_1_697' title='bbox 1382 2349 1526 2381; x_wconf 81' lang='lat' dir='ltr'>niarum</span> <span class='ocrx_word' id='word_1_698' title='bbox 1546 2369 1558 2377; x_wconf 88' lang='lat'>.</span> <span class='ocrx_word' id='word_1_699' title='bbox 1584 2345 1663 2378; x_wconf 82' lang='lat' dir='ltr'>Hoc</span> <span class='ocrx_word' id='word_1_700' title='bbox 1693 2352 1812 2377; x_wconf 87' lang='lat' dir='ltr'>autem</span> <span class='ocrx_word' id='word_1_701' title='bbox 1845 2341 2018 2390; x_wconf 89' lang='lat' dir='ltr'>oppidum</span> <span class='ocrx_word' id='word_1_702' title='bbox 2052 2342 2288 2386; x_wconf 82' lang='lat' dir='ltr'>superioribus</span> 
     </span>
     <span class='ocr_line' id='line_1_101' title="bbox 1379 2386 2291 2436; baseline 0.002 -13"><span class='ocrx_word' id='word_1_703' title='bbox 1379 2389 1599 2436; x_wconf 83' lang='lat' dir='ltr'>temporibus</span> <span class='ocrx_word' id='word_1_704' title='bbox 1627 2387 1794 2430; x_wconf 81' lang='lat' dir='ltr'>grandius</span> <span class='ocrx_word' id='word_1_705' title='bbox 1820 2386 1918 2424; x_wconf 76' lang='lat' dir='ltr'>fuisse</span> <span class='ocrx_word' id='word_1_706' title='bbox 1945 2410 1955 2426; x_wconf 79' lang='lat'><strong>‚</strong></span> <span class='ocrx_word' id='word_1_707' title='bbox 1992 2390 2151 2435; x_wconf 81' lang='lat' dir='ltr'>reliquiae</span> <span class='ocrx_word' id='word_1_708' title='bbox 2181 2389 2291 2425; x_wconf 69' lang='lat' dir='ltr'>:edifi-</span> 
     </span>
     <span class='ocr_line' id='line_1_102' title="bbox 1382 2433 2293 2471; baseline 0.002 -2"><span class='ocrx_word' id='word_1_709' title='bbox 1382 2439 1520 2470; x_wconf 91' lang='lat' dir='ltr'>ciorum</span> <span class='ocrx_word' id='word_1_710' title='bbox 1545 2445 1585 2468; x_wconf 88' lang='lat' dir='ltr'>ac</span> <span class='ocrx_word' id='word_1_711' title='bbox 1612 2444 1796 2468; x_wconf 87' lang='lat' dir='ltr'>murorum</span> <span class='ocrx_word' id='word_1_712' title='bbox 1832 2433 2016 2469; x_wconf 81' lang='lat' dir='ltr'>ostendunt</span> <span class='ocrx_word' id='word_1_713' title='bbox 2042 2447 2052 2467; x_wconf 91' lang='lat'>:</span> <span class='ocrx_word' id='word_1_714' title='bbox 2086 2446 2184 2469; x_wconf 86' lang='lat' dir='ltr'>nunc</span> <span class='ocrx_word' id='word_1_715' title='bbox 2209 2448 2293 2471; x_wconf 84' lang='lat' dir='ltr'>vero</span> 
     </span>
     <span class='ocr_line' id='line_1_103' title="bbox 1384 2477 2293 2527; baseline 0.002 -13"><span class='ocrx_word' id='word_1_716' title='bbox 1384 2480 1552 2527; x_wconf 73' lang='lat' dir='ltr'>pauculas</span> <span class='ocrx_word' id='word_1_717' title='bbox 1591 2477 1683 2512; x_wconf 84' lang='lat' dir='ltr'>casas</span> <span class='ocrx_word' id='word_1_718' title='bbox 1717 2480 1810 2513; x_wconf 84' lang='lat' dir='ltr'>circa</span> <span class='ocrx_word' id='word_1_719' title='bbox 1849 2491 1963 2514; x_wconf 82' lang='lat' dir='ltr'>arcem</span> <span class='ocrx_word' id='word_1_720' title='bbox 2001 2482 2131 2514; x_wconf 88' lang='lat' dir='ltr'>retinet</span> <span class='ocrx_word' id='word_1_721' title='bbox 2179 2483 2293 2516; x_wconf 81' lang='lat' dir='ltr'>etiam</span> 
     </span>
     <span class='ocr_line' id='line_1_104' title="bbox 1384 2523 2294 2570; baseline 0.001 -10"><span class='ocrx_word' id='word_1_722' title='bbox 1384 2537 1487 2560; x_wconf 88' lang='lat' dir='ltr'>muro</span> <span class='ocrx_word' id='word_1_723' title='bbox 1512 2523 1622 2570; x_wconf 80' lang='lat' dir='ltr'>septas</span> <span class='ocrx_word' id='word_1_724' title='bbox 1658 2544 1669 2560; x_wconf 70' lang='lat'><strong>‚</strong></span> <span class='ocrx_word' id='word_1_725' title='bbox 1707 2523 1934 2559; x_wconf 82' lang='lat' dir='ltr'>solitudinem</span> <span class='ocrx_word' id='word_1_726' title='bbox 1971 2524 2091 2570; x_wconf 85' lang='lat' dir='ltr'>oppidi</span> <span class='ocrx_word' id='word_1_727' title='bbox 2120 2526 2294 2561; x_wconf 79' lang='lat' dir='ltr'>videntur</span> 
     </span>
     <span class='ocr_line' id='line_1_105' title="bbox 1383 2568 2292 2618; baseline 0 -14"><span class='ocrx_word' id='word_1_728' title='bbox 1383 2569 1494 2604; x_wconf 62' lang='lat' dir='ltr'>fecisse</span> <span class='ocrx_word' id='word_1_729' title='bbox 1518 2568 1685 2614; x_wconf 84' lang='lat' dir='ltr'>oppidani</span> <span class='ocrx_word' id='word_1_730' title='bbox 1711 2591 1723 2607; x_wconf 85' lang='lat'><strong>‚</strong></span> <span class='ocrx_word' id='word_1_731' title='bbox 1755 2571 1815 2612; x_wconf 82' lang='lat' dir='ltr'>qui</span> <span class='ocrx_word' id='word_1_732' title='bbox 1840 2570 1909 2604; x_wconf 81' lang='lat' dir='ltr'>alta</span> <span class='ocrx_word' id='word_1_733' title='bbox 1937 2569 2012 2603; x_wconf 80' lang='lat' dir='ltr'>loca</span> <span class='ocrx_word' id='word_1_734' title='bbox 2052 2572 2292 2618; x_wconf 84' lang='lat' dir='ltr'>relinquentes</span> 
     </span>
     <span class='ocr_line' id='line_1_106' title="bbox 1383 2612 2294 2659; baseline 0.002 -11"><span class='ocrx_word' id='word_1_735' title='bbox 1383 2615 1424 2649; x_wconf 79' lang='lat' dir='ltr'>ad</span> <span class='ocrx_word' id='word_1_736' title='bbox 1454 2616 1532 2659; x_wconf 78' lang='lat' dir='ltr'>juga</span> <span class='ocrx_word' id='word_1_737' title='bbox 1557 2636 1568 2652; x_wconf 87' lang='lat'>‚</span> <span class='ocrx_word' id='word_1_738' title='bbox 1608 2612 1803 2659; x_wconf 85' lang='lat' dir='ltr'>radicesque</span> <span class='ocrx_word' id='word_1_739' title='bbox 1830 2616 1976 2648; x_wconf 87' lang='lat' dir='ltr'>collium</span> <span class='ocrx_word' id='word_1_740' title='bbox 2004 2615 2206 2651; x_wconf 81' lang='lat' dir='ltr'>habitatum</span> <span class='ocrx_word' id='word_1_741' title='bbox 2234 2615 2294 2650; x_wconf 88' lang='lat' dir='ltr'>de-</span> 
     </span>
    </p>
   </div>
   <div class='ocr_carea' id='block_1_19' title="bbox 1380 2657 2293 2703">
    <p class='ocr_par' dir='ltr' id='par_1_19' title="bbox 1380 2657 2293 2703">
     <span class='ocr_line' id='line_1_107' title="bbox 1380 2657 2293 2703; baseline 0 -9"><span class='ocrx_word' id='word_1_742' title='bbox 1380 2672 1506 2694; x_wconf 81' lang='lat' dir='ltr'>venere</span> <span class='ocrx_word' id='word_1_743' title='bbox 1534 2671 1542 2692; x_wconf 86' lang='lat'>:</span> <span class='ocrx_word' id='word_1_744' title='bbox 1571 2657 1676 2703; x_wconf 87' lang='lat' dir='ltr'>idque</span> <span class='ocrx_word' id='word_1_745' title='bbox 1702 2658 1746 2692; x_wconf 93' lang='lat' dir='ltr'>ob</span> <span class='ocrx_word' id='word_1_746' title='bbox 1773 2661 1955 2694; x_wconf 85' lang='lat' dir='ltr'>meliorem</span> <span class='ocrx_word' id='word_1_747' title='bbox 1985 2660 2142 2695; x_wconf 89' lang='lat' dir='ltr'>locorum</span> <span class='ocrx_word' id='word_1_748' title='bbox 2168 2660 2293 2696; x_wconf 88' lang='lat' dir='ltr'>condi-</span> 
     </span>
    </p>
   </div>
   <div class='ocr_carea' id='block_1_20' title="bbox 419 2691 2295 2760">
    <p class='ocr_par' dir='ltr' id='par_1_20' title="bbox 419 2691 2295 2760">
     <span class='ocr_line' id='line_1_108' title="bbox 419 2691 2295 2760; baseline 0.006 -33"><span class='ocrx_word' id='word_1_749' title='bbox 419 2706 492 2728; x_wconf 76' lang='lat' dir='ltr'>non</span> <span class='ocrx_word' id='word_1_750' title='bbox 530 2691 759 2729; x_wconf 79' lang='lat' dir='ltr'>inferioribus</span> <span class='ocrx_word' id='word_1_751' title='bbox 795 2699 918 2742; x_wconf 75' lang='lat' dir='ltr'>gratiis</span> <span class='ocrx_word' id='word_1_752' title='bbox 958 2699 1120 2734; x_wconf 75' lang='lat' dir='ltr'>afficiunt</span> <span class='ocrx_word' id='word_1_753' title='bbox 1165 2701 1523 2760; x_wconf 59' lang='lat' dir='ltr'>incolas2Ftionem</span> <span class='ocrx_word' id='word_1_754' title='bbox 1562 2725 1574 2741; x_wconf 85' lang='lat'><strong>‚</strong></span> <span class='ocrx_word' id='word_1_755' title='bbox 1610 2701 1796 2748; x_wconf 81' lang='lat' dir='ltr'>piaesertim</span> <span class='ocrx_word' id='word_1_756' title='bbox 1822 2727 1834 2743; x_wconf 90' lang='lat'>.,</span> <span class='ocrx_word' id='word_1_757' title='bbox 1859 2716 1968 2751; x_wconf 88' lang='lat' dir='ltr'>quum</span> <span class='ocrx_word' id='word_1_758' title='bbox 2005 2709 2112 2741; x_wconf 77' lang='lat' dir='ltr'>etiam</span> <span class='ocrx_word' id='word_1_759' title='bbox 2152 2718 2295 2752; x_wconf 77' lang='lat' dir='ltr'>campos</span> 
     </span>
    </p>
   </div>
   <div class='ocr_carea' id='block_1_21' title="bbox 416 2738 1333 3333">
    <p class='ocr_par' dir='ltr' id='par_1_21' title="bbox 416 2738 1333 3333">
     <span class='ocr_line' id='line_1_109' title="bbox 420 2738 1327 2792; baseline 0.012 -21"><span class='ocrx_word' id='word_1_760' title='bbox 420 2751 527 2784; x_wconf 72' lang='lat' dir='ltr'>quam</span> <span class='ocrx_word' id='word_1_761' title='bbox 555 2738 686 2784; x_wconf 82' lang='lat' dir='ltr'>quibus</span> <span class='ocrx_word' id='word_1_762' title='bbox 711 2742 827 2787; x_wconf 73' lang='lat' dir='ltr'>stirpes</span> <span class='ocrx_word' id='word_1_763' title='bbox 849 2767 859 2782; x_wconf 90' lang='lat'>‚</span> <span class='ocrx_word' id='word_1_764' title='bbox 887 2747 917 2777; x_wconf 67' lang='lat' dir='ltr'>Sc</span> <span class='ocrx_word' id='word_1_765' title='bbox 944 2757 1023 2779; x_wconf 57' lang='lat' dir='ltr'>avis</span> <span class='ocrx_word' id='word_1_766' title='bbox 1048 2745 1327 2792; x_wconf 64' lang='lat' dir='ltr'>prosequunturi</span> 
     </span>
     <span class='ocr_line' id='line_1_110' title="bbox 416 2785 1330 2837; baseline 0.007 -19"><span class='ocrx_word' id='word_1_767' title='bbox 416 2785 570 2818; x_wconf 75' lang='lat' dir='ltr'>salubres</span> <span class='ocrx_word' id='word_1_768' title='bbox 595 2787 692 2819; x_wconf 83' lang='lat' dir='ltr'>euim</span> <span class='ocrx_word' id='word_1_769' title='bbox 713 2785 819 2831; x_wconf 81' lang='lat' dir='ltr'>usque</span> <span class='ocrx_word' id='word_1_770' title='bbox 845 2789 930 2823; x_wconf 83' lang='lat' dir='ltr'>adeo</span> <span class='ocrx_word' id='word_1_771' title='bbox 960 2790 1038 2826; x_wconf 88' lang='lat' dir='ltr'>sunt</span> <span class='ocrx_word' id='word_1_772' title='bbox 1063 2813 1075 2830; x_wconf 80' lang='lat'>‚</span> <span class='ocrx_word' id='word_1_773' title='bbox 1102 2801 1142 2826; x_wconf 89' lang='lat' dir='ltr'>ut</span> <span class='ocrx_word' id='word_1_774' title='bbox 1171 2790 1330 2837; x_wconf 85' lang='lat' dir='ltr'>plerique</span> 
     </span>
     <span class='ocr_line' id='line_1_111' title="bbox 416 2828 1331 2879; baseline 0.008 -17"><span class='ocrx_word' id='word_1_775' title='bbox 416 2828 626 2867; x_wconf 75' lang='lat' dir='ltr'>Macrobii,</span> <span class='ocrx_word' id='word_1_776' title='bbox 656 2833 685 2864; x_wconf 87' lang='lat'><strong>&amp;</strong></span> <span class='ocrx_word' id='word_1_777' title='bbox 715 2831 864 2879; x_wconf 86' lang='lat' dir='ltr'>adusque</span> <span class='ocrx_word' id='word_1_778' title='bbox 887 2845 1053 2871; x_wconf 84' lang='lat' dir='ltr'>centenos</span> <span class='ocrx_word' id='word_1_779' title='bbox 1082 2848 1192 2871; x_wconf 85' lang='lat' dir='ltr'>annos</span> <span class='ocrx_word' id='word_1_780' title='bbox 1218 2838 1255 2870; x_wconf 86' lang='lat' dir='ltr'>in</span> <span class='ocrx_word' id='word_1_781' title='bbox 1281 2837 1331 2870; x_wconf 88' lang='lat' dir='ltr'>eis</span> 
     </span>
     <span class='ocr_line' id='line_1_112' title="bbox 418 2875 1329 2927; baseline 0.01 -20"><span class='ocrx_word' id='word_1_782' title='bbox 418 2875 544 2909; x_wconf 71' lang='lat' dir='ltr'>vixifle</span> <span class='ocrx_word' id='word_1_783' title='bbox 568 2879 738 2921; x_wconf 86' lang='lat' dir='ltr'>comperti</span> <span class='ocrx_word' id='word_1_784' title='bbox 767 2877 834 2914; x_wconf 81' lang='lat' dir='ltr'>sint</span> <span class='ocrx_word' id='word_1_785' title='bbox 863 2892 874 2919; x_wconf 72' lang='lat'>3</span> <span class='ocrx_word' id='word_1_786' title='bbox 909 2880 956 2913; x_wconf 90' lang='lat' dir='ltr'>ob</span> <span class='ocrx_word' id='word_1_787' title='bbox 982 2881 1041 2916; x_wconf 76' lang='lat' dir='ltr'>has</span> <span class='ocrx_word' id='word_1_788' title='bbox 1069 2886 1187 2927; x_wconf 87' lang='lat' dir='ltr'>itaque</span> <span class='ocrx_word' id='word_1_789' title='bbox 1215 2890 1329 2927; x_wconf 79' lang='lat' dir='ltr'>partes</span> 
     </span>
     <span class='ocr_line' id='line_1_113' title="bbox 420 2921 1329 2971; baseline 0.011 -21"><span class='ocrx_word' id='word_1_790' title='bbox 420 2921 618 2964; x_wconf 57' lang='lat' dir='ltr'>gratiasque</span> <span class='ocrx_word' id='word_1_791' title='bbox 641 2942 652 2959; x_wconf 88' lang='lat'>,</span> <span class='ocrx_word' id='word_1_792' title='bbox 683 2924 798 2956; x_wconf 89' lang='lat' dir='ltr'>omnis</span> <span class='ocrx_word' id='word_1_793' title='bbox 824 2937 861 2958; x_wconf 87' lang='lat' dir='ltr'>ea</span> <span class='ocrx_word' id='word_1_794' title='bbox 891 2925 1041 2962; x_wconf 86' lang='lat' dir='ltr'>collium</span> <span class='ocrx_word' id='word_1_795' title='bbox 1069 2930 1166 2971; x_wconf 74' lang='lat' dir='ltr'>regio</span> <span class='ocrx_word' id='word_1_796' title='bbox 1195 2939 1213 2960; x_wconf 78' lang='lat' dir='ltr'>a</span> <span class='ocrx_word' id='word_1_797' title='bbox 1233 2928 1329 2960; x_wconf 81' lang='lat' dir='ltr'>Grae-</span> 
     </span>
     <span class='ocr_line' id='line_1_114' title="bbox 419 2964 1328 3017; baseline 0.012 -23"><span class='ocrx_word' id='word_1_798' title='bbox 419 2968 470 2997; x_wconf 74' lang='lat' dir='ltr'>cis</span> <span class='ocrx_word' id='word_1_799' title='bbox 494 2964 563 2996; x_wconf 84' lang='lat' dir='ltr'>illis</span> <span class='ocrx_word' id='word_1_800' title='bbox 601 2987 610 3003; x_wconf 71' lang='lat' dir='ltr'>a</span> <span class='ocrx_word' id='word_1_801' title='bbox 652 2966 837 3015; x_wconf 81' lang='lat' dir='ltr'>priscisque</span> <span class='ocrx_word' id='word_1_802' title='bbox 882 2971 1032 3006; x_wconf 83' lang='lat' dir='ltr'>Nolanis</span> <span class='ocrx_word' id='word_1_803' title='bbox 1067 2972 1241 3017; x_wconf 79' lang='lat' dir='ltr'>appellata</span> <span class='ocrx_word' id='word_1_804' title='bbox 1283 2970 1328 3005; x_wconf 86' lang='lat' dir='ltr'>est</span> 
     </span>
     <span class='ocr_line' id='line_1_115' title="bbox 419 3012 1329 3064; baseline 0.009 -22"><span class='ocrx_word' id='word_1_805' title='bbox 419 3012 535 3048; x_wconf 59' lang='lat' dir='ltr'>ymeoem&#39;</span> <span class='ocrx_word' id='word_1_806' title='bbox 561 3031 570 3047; x_wconf 86' lang='lat'>,</span> <span class='ocrx_word' id='word_1_807' title='bbox 607 3012 736 3046; x_wconf 73' lang='lat' dir='ltr'>Gecala</span> <span class='ocrx_word' id='word_1_808' title='bbox 765 3035 776 3051; x_wconf 82' lang='lat'>‚</span> <span class='ocrx_word' id='word_1_809' title='bbox 814 3015 878 3049; x_wconf 86' lang='lat' dir='ltr'>hoc</span> <span class='ocrx_word' id='word_1_810' title='bbox 911 3015 954 3049; x_wconf 85' lang='lat' dir='ltr'>est</span> <span class='ocrx_word' id='word_1_811' title='bbox 983 3038 994 3055; x_wconf 75' lang='lat'>,</span> <span class='ocrx_word' id='word_1_812' title='bbox 1025 3028 1119 3052; x_wconf 65' lang='lat' dir='ltr'>terra</span> <span class='ocrx_word' id='word_1_813' title='bbox 1145 3016 1226 3050; x_wconf 74' lang='lat' dir='ltr'>bona</span> <span class='ocrx_word' id='word_1_814' title='bbox 1253 3017 1329 3064; x_wconf 72' lang='lat' dir='ltr'>pul-</span> 
     </span>
     <span class='ocr_line' id='line_1_116' title="bbox 417 3057 1327 3108; baseline 0.013 -20"><span class='ocrx_word' id='word_1_815' title='bbox 417 3067 540 3095; x_wconf 76' lang='lat' dir='ltr'>craque</span> <span class='ocrx_word' id='word_1_816' title='bbox 565 3066 574 3086; x_wconf 72' lang='grc' dir='ltr'>ε</span> <span class='ocrx_word' id='word_1_817' title='bbox 602 3057 760 3101; x_wconf 78' lang='lat' dir='ltr'>qualibet</span> <span class='ocrx_word' id='word_1_818' title='bbox 786 3063 882 3096; x_wconf 85' lang='lat' dir='ltr'>enim</span> <span class='ocrx_word' id='word_1_819' title='bbox 922 3063 957 3094; x_wconf 87' lang='lat' dir='ltr'>in</span> <span class='ocrx_word' id='word_1_820' title='bbox 994 3073 1090 3108; x_wconf 79' lang='lat' dir='ltr'>parte</span> <span class='ocrx_word' id='word_1_821' title='bbox 1115 3071 1194 3096; x_wconf 84' lang='lat' dir='ltr'>tum</span> <span class='ocrx_word' id='word_1_822' title='bbox 1220 3061 1327 3100; x_wconf 72' lang='lat' dir='ltr'>bona,</span> 
     </span>
     <span class='ocr_line' id='line_1_117' title="bbox 420 3100 1328 3144; baseline 0.012 -11"><span class='ocrx_word' id='word_1_823' title='bbox 420 3109 498 3133; x_wconf 87' lang='lat' dir='ltr'>tum</span> <span class='ocrx_word' id='word_1_824' title='bbox 523 3100 642 3144; x_wconf 81' lang='lat' dir='ltr'>pulcra</span> <span class='ocrx_word' id='word_1_825' title='bbox 669 3123 680 3139; x_wconf 76' lang='lat'>‚</span> <span class='ocrx_word' id='word_1_826' title='bbox 708 3112 782 3136; x_wconf 87' lang='lat' dir='ltr'>tum</span> <span class='ocrx_word' id='word_1_827' title='bbox 812 3103 990 3141; x_wconf 67' lang='lat' dir='ltr'>feracitate</span> <span class='ocrx_word' id='word_1_828' title='bbox 1028 3108 1086 3142; x_wconf 81' lang='lat' dir='ltr'>sua</span> <span class='ocrx_word' id='word_1_829' title='bbox 1113 3106 1328 3144; x_wconf 64' lang='lat' dir='ltr'>utilissima,</span> 
     </span>
     <span class='ocr_line' id='line_1_118' title="bbox 419 3143 1333 3198; baseline 0.009 -20"><span class='ocrx_word' id='word_1_830' title='bbox 419 3153 498 3197; x_wconf 77' lang='lat' dir='ltr'>tum</span> <span class='ocrx_word' id='word_1_831' title='bbox 529 3143 661 3189; x_wconf 61' lang='lat' dir='ltr'>asptc&#39;iu</span> <span class='ocrx_word' id='word_1_832' title='bbox 686 3147 932 3197; x_wconf 57' lang='lat' dir='ltr'>prosptt‘tuque</span> <span class='ocrx_word' id='word_1_833' title='bbox 965 3152 1210 3189; x_wconf 72' lang='lat' dir='ltr'>iucundissima</span> <span class='ocrx_word' id='word_1_834' title='bbox 1227 3177 1234 3185; x_wconf 91' lang='lat'>.</span> <span class='ocrx_word' id='word_1_835' title='bbox 1259 3155 1333 3198; x_wconf 91' lang='lat' dir='ltr'>Op-</span> 
     </span>
     <span class='ocr_line' id='line_1_119' title="bbox 420 3188 1331 3239; baseline 0.01 -18"><span class='ocrx_word' id='word_1_836' title='bbox 420 3188 544 3235; x_wconf 82' lang='lat' dir='ltr'>pidum</span> <span class='ocrx_word' id='word_1_837' title='bbox 581 3201 664 3224; x_wconf 83' lang='lat' dir='ltr'>vero</span> <span class='ocrx_word' id='word_1_838' title='bbox 691 3215 702 3230; x_wconf 82' lang='lat'><strong>‚</strong></span> <span class='ocrx_word' id='word_1_839' title='bbox 735 3200 825 3239; x_wconf 82' lang='lat' dir='ltr'>quod</span> <span class='ocrx_word' id='word_1_840' title='bbox 855 3200 889 3230; x_wconf 86' lang='lat' dir='ltr'>in</span> <span class='ocrx_word' id='word_1_841' title='bbox 918 3198 1087 3233; x_wconf 86' lang='lat' dir='ltr'>concursu</span> <span class='ocrx_word' id='word_1_842' title='bbox 1118 3197 1266 3232; x_wconf 77' lang='lat' dir='ltr'>duorum</span> <span class='ocrx_word' id='word_1_843' title='bbox 1301 3199 1331 3230; x_wconf 90' lang='lat' dir='ltr'>i-</span> 
     </span>
     <span class='ocr_line' id='line_1_120' title="bbox 418 3233 1328 3287; baseline 0.014 -21"><span class='ocrx_word' id='word_1_844' title='bbox 418 3233 561 3279; x_wconf 80' lang='lat' dir='ltr'>psorum</span> <span class='ocrx_word' id='word_1_845' title='bbox 589 3236 739 3272; x_wconf 88' lang='lat' dir='ltr'>collium</span> <span class='ocrx_word' id='word_1_846' title='bbox 781 3243 984 3287; x_wconf 56' lang='lat' dir='ltr'>:iuguloque</span> <span class='ocrx_word' id='word_1_847' title='bbox 1019 3243 1218 3279; x_wconf 61' lang='lat' dir='ltr'>extrufitum</span> <span class='ocrx_word' id='word_1_848' title='bbox 1258 3241 1328 3280; x_wconf 65' lang='lat' dir='ltr'>esta</span> 
     </span>
     <span class='ocr_line' id='line_1_121' title="bbox 418 3285 1330 3333; baseline 0.01 -22"><span class='ocrx_word' id='word_1_849' title='bbox 418 3288 517 3314; x_wconf 74' lang='lat' dir='ltr'>terrae</span> <span class='ocrx_word' id='word_1_850' title='bbox 546 3285 755 3323; x_wconf 78' lang='lat' dir='ltr'>cognomine</span> <span class='ocrx_word' id='word_1_851' title='bbox 781 3285 823 3318; x_wconf 74' lang='lat' dir='ltr'>est</span> <span class='ocrx_word' id='word_1_852' title='bbox 854 3311 863 3320; x_wconf 92' lang='lat'>.</span> <span class='ocrx_word' id='word_1_853' title='bbox 902 3289 1030 3321; x_wconf 79' lang='lat' dir='ltr'>Gecala</span> <span class='ocrx_word' id='word_1_854' title='bbox 1062 3291 1158 3322; x_wconf 85' lang='lat' dir='ltr'>enim</span> <span class='ocrx_word' id='word_1_855' title='bbox 1183 3290 1212 3321; x_wconf 84' lang='lat' dir='ltr'>ei</span> <span class='ocrx_word' id='word_1_856' title='bbox 1244 3299 1330 3333; x_wconf 86' lang='lat' dir='ltr'>quo-</span> 
     </span>
    </p>
   </div>
   <div class='ocr_carea' id='block_1_22' title="bbox 417 3327 1328 3379">
    <p class='ocr_par' dir='ltr' id='par_1_22' title="bbox 417 3327 1328 3379">
     <span class='ocr_line' id='line_1_122' title="bbox 417 3327 1328 3379; baseline 0.016 -23"><span class='ocrx_word' id='word_1_857' title='bbox 417 3335 485 3369; x_wconf 82' lang='lat' dir='ltr'>que</span> <span class='ocrx_word' id='word_1_858' title='bbox 514 3336 646 3362; x_wconf 84' lang='lat' dir='ltr'>nomen</span> <span class='ocrx_word' id='word_1_859' title='bbox 675 3327 718 3362; x_wconf 80' lang='lat' dir='ltr'>cst</span> <span class='ocrx_word' id='word_1_860' title='bbox 745 3340 754 3360; x_wconf 83' lang='lat'>:</span> <span class='ocrx_word' id='word_1_861' title='bbox 790 3341 1006 3379; x_wconf 69' lang='lat' dir='ltr'>quamquam</span> <span class='ocrx_word' id='word_1_862' title='bbox 1034 3334 1215 3379; x_wconf 75' lang='lat' dir='ltr'>posteritas</span> <span class='ocrx_word' id='word_1_863' title='bbox 1248 3344 1328 3370; x_wconf 81' lang='lat' dir='ltr'>mu·</span> 
     </span>
    </p>
   </div>
   <div class='ocr_carea' id='block_1_23' title="bbox 1384 2749 2297 3418">
    <p class='ocr_par' dir='ltr' id='par_1_23' title="bbox 1384 2749 2297 3418">
     <span class='ocr_line' id='line_1_123' title="bbox 1387 2749 2293 2796; baseline 0.003 -13"><span class='ocrx_word' id='word_1_864' title='bbox 1387 2750 1497 2784; x_wconf 85' lang='lat' dir='ltr'>colere</span> <span class='ocrx_word' id='word_1_865' title='bbox 1523 2750 1697 2796; x_wconf 83' lang='lat' dir='ltr'>placitum</span> <span class='ocrx_word' id='word_1_866' title='bbox 1724 2749 1765 2783; x_wconf 74' lang='lat' dir='ltr'>est</span> <span class='ocrx_word' id='word_1_867' title='bbox 1782 2761 1806 2788; x_wconf 20' lang='lat'>⁷3</span> <span class='ocrx_word' id='word_1_868' title='bbox 1845 2750 2064 2784; x_wconf 82' lang='lat' dir='ltr'>commodius</span> <span class='ocrx_word' id='word_1_869' title='bbox 2098 2754 2194 2786; x_wconf 89' lang='lat' dir='ltr'>enim</span> <span class='ocrx_word' id='word_1_870' title='bbox 2223 2774 2234 2790; x_wconf 68' lang='lat' dir='ltr'>a</span> <span class='ocrx_word' id='word_1_871' title='bbox 2260 2755 2293 2786; x_wconf 77' lang='grc' dir='ltr'>δε</span> 
     </span>
     <span class='ocr_line' id='line_1_124' title="bbox 1387 2795 2294 2841; baseline 0.001 -13"><span class='ocrx_word' id='word_1_872' title='bbox 1387 2795 1492 2829; x_wconf 84' lang='lat' dir='ltr'>colles</span> <span class='ocrx_word' id='word_1_873' title='bbox 1517 2817 1529 2834; x_wconf 87' lang='lat'><strong>‚</strong></span> <span class='ocrx_word' id='word_1_874' title='bbox 1555 2798 1584 2830; x_wconf 73' lang='lat' dir='ltr'>Sc</span> <span class='ocrx_word' id='word_1_875' title='bbox 1610 2805 1751 2840; x_wconf 84' lang='lat' dir='ltr'>campos</span> <span class='ocrx_word' id='word_1_876' title='bbox 1784 2795 1909 2830; x_wconf 86' lang='lat' dir='ltr'>colunt</span> <span class='ocrx_word' id='word_1_877' title='bbox 1933 2819 1944 2835; x_wconf 84' lang='lat'>‚</span> <span class='ocrx_word' id='word_1_878' title='bbox 1972 2799 2031 2841; x_wconf 85' lang='lat' dir='ltr'>qui</span> <span class='ocrx_word' id='word_1_879' title='bbox 2062 2798 2157 2831; x_wconf 87' lang='lat' dir='ltr'>inter</span> <span class='ocrx_word' id='word_1_880' title='bbox 2182 2795 2294 2841; x_wconf 89' lang='lat' dir='ltr'>utros-</span> 
     </span>
     <span class='ocr_line' id='line_1_125' title="bbox 1387 2840 2294 2887; baseline 0.002 -14"><span class='ocrx_word' id='word_1_881' title='bbox 1387 2852 1454 2887; x_wconf 81' lang='lat' dir='ltr'>que</span> <span class='ocrx_word' id='word_1_882' title='bbox 1476 2841 1640 2875; x_wconf 77' lang='lat' dir='ltr'>habitant</span> <span class='ocrx_word' id='word_1_883' title='bbox 1661 2864 1669 2872; x_wconf 95' lang='lat'>.</span> <span class='ocrx_word' id='word_1_884' title='bbox 1711 2840 1955 2884; x_wconf 80' lang='lat' dir='ltr'>Qamobrem</span> <span class='ocrx_word' id='word_1_885' title='bbox 1990 2840 2053 2874; x_wconf 85' lang='lat' dir='ltr'>sub</span> <span class='ocrx_word' id='word_1_886' title='bbox 2077 2853 2168 2876; x_wconf 91' lang='lat' dir='ltr'>unco</span> <span class='ocrx_word' id='word_1_887' title='bbox 2205 2842 2294 2887; x_wconf 83' lang='lat' dir='ltr'>iplo‚</span> 
     </span>
     <span class='ocr_line' id='line_1_126' title="bbox 1386 2884 2296 2932; baseline -0.001 -12"><span class='ocrx_word' id='word_1_888' title='bbox 1386 2896 1489 2931; x_wconf 78' lang='lat' dir='ltr'>atque</span> <span class='ocrx_word' id='word_1_889' title='bbox 1515 2886 1602 2920; x_wconf 82' lang='lat' dir='ltr'>colle</span> <span class='ocrx_word' id='word_1_890' title='bbox 1628 2884 1825 2920; x_wconf 81' lang='lat' dir='ltr'>meridiano</span> <span class='ocrx_word' id='word_1_891' title='bbox 1852 2897 1910 2932; x_wconf 87' lang='lat' dir='ltr'>per</span> <span class='ocrx_word' id='word_1_892' title='bbox 1933 2886 2064 2920; x_wconf 81' lang='lat' dir='ltr'>radices</span> <span class='ocrx_word' id='word_1_893' title='bbox 2090 2886 2211 2932; x_wconf 71' lang='lat' dir='ltr'>pass&#39;im</span> <span class='ocrx_word' id='word_1_894' title='bbox 2235 2888 2296 2920; x_wconf 88' lang='lat' dir='ltr'>in-</span> 
     </span>
     <span class='ocr_line' id='line_1_127' title="bbox 1386 2932 2294 2977; baseline -0.001 -12"><span class='ocrx_word' id='word_1_895' title='bbox 1386 2933 1510 2965; x_wconf 90' lang='lat' dir='ltr'>colunt</span> <span class='ocrx_word' id='word_1_896' title='bbox 1543 2932 1713 2964; x_wconf 80' lang='lat' dir='ltr'>Gecalani</span> <span class='ocrx_word' id='word_1_897' title='bbox 1759 2942 1864 2975; x_wconf 75' lang='lat' dir='ltr'>pagos</span> <span class='ocrx_word' id='word_1_898' title='bbox 1904 2932 2035 2966; x_wconf 85' lang='lat' dir='ltr'>multos</span> <span class='ocrx_word' id='word_1_899' title='bbox 2081 2934 2294 2977; x_wconf 78' lang='lat' dir='ltr'>jungentes.</span> 
     </span>
     <span class='ocr_line' id='line_1_128' title="bbox 1386 2974 2296 3021; baseline -0.001 -12"><span class='ocrx_word' id='word_1_900' title='bbox 1386 2979 1546 3020; x_wconf 84' lang='lat' dir='ltr'>Quorum</span> <span class='ocrx_word' id='word_1_901' title='bbox 1575 2977 1710 3021; x_wconf 82' lang='lat' dir='ltr'>primus</span> <span class='ocrx_word' id='word_1_902' title='bbox 1748 2974 1808 3008; x_wconf 86' lang='lat' dir='ltr'>sub</span> <span class='ocrx_word' id='word_1_903' title='bbox 1847 2987 1940 3010; x_wconf 88' lang='lat' dir='ltr'>unco</span> <span class='ocrx_word' id='word_1_904' title='bbox 1966 2974 2038 3021; x_wconf 85' lang='lat' dir='ltr'>ipso</span> <span class='ocrx_word' id='word_1_905' title='bbox 2072 2978 2118 3012; x_wconf 84' lang='lat' dir='ltr'>est</span> <span class='ocrx_word' id='word_1_906' title='bbox 2155 2975 2296 3010; x_wconf 59' lang='lat' dir='ltr'>Sanc‘ius</span> 
     </span>
     <span class='ocr_line' id='line_1_129' title="bbox 1385 3020 2296 3063; baseline 0 -10"><span class='ocrx_word' id='word_1_907' title='bbox 1385 3023 1515 3057; x_wconf 62' lang='lat' dir='ltr'>saulus</span> <span class='ocrx_word' id='word_1_908' title='bbox 1537 3030 1761 3063; x_wconf 83' lang='lat' dir='ltr'>nuncupatus</span> <span class='ocrx_word' id='word_1_909' title='bbox 1787 3034 1795 3054; x_wconf 73' lang='grc' dir='ltr'>ε</span> <span class='ocrx_word' id='word_1_910' title='bbox 1824 3020 1949 3054; x_wconf 84' lang='lat' dir='ltr'>deinde</span> <span class='ocrx_word' id='word_1_911' title='bbox 1969 3021 2091 3057; x_wconf 83' lang='lat' dir='ltr'>Liber:</span> <span class='ocrx_word' id='word_1_912' title='bbox 2129 3034 2171 3057; x_wconf 83' lang='lat' dir='ltr'>ac</span> <span class='ocrx_word' id='word_1_913' title='bbox 2200 3021 2296 3055; x_wconf 73' lang='lat' dir='ltr'>Libe-</span> 
     </span>
     <span class='ocr_line' id='line_1_130' title="bbox 1386 3066 2296 3102; baseline 0 -2"><span class='ocrx_word' id='word_1_914' title='bbox 1386 3069 1416 3101; x_wconf 91' lang='lat' dir='ltr'>ri</span> <span class='ocrx_word' id='word_1_915' title='bbox 1442 3079 1451 3099; x_wconf 94' lang='lat'>·.</span> <span class='ocrx_word' id='word_1_916' title='bbox 1477 3067 1628 3100; x_wconf 83' lang='lat' dir='ltr'>ulterius</span> <span class='ocrx_word' id='word_1_917' title='bbox 1658 3077 1738 3099; x_wconf 85' lang='lat' dir='ltr'>vero</span> <span class='ocrx_word' id='word_1_918' title='bbox 1760 3066 1866 3100; x_wconf 79' lang='lat' dir='ltr'>Bardi</span> <span class='ocrx_word' id='word_1_919' title='bbox 1883 3091 1892 3100; x_wconf 92' lang='lat'><strong><em>.</em></strong></span> <span class='ocrx_word' id='word_1_920' title='bbox 1917 3068 2010 3101; x_wconf 84' lang='lat' dir='ltr'>Nam</span> <span class='ocrx_word' id='word_1_921' title='bbox 2034 3076 2074 3102; x_wconf 91' lang='lat' dir='ltr'>ut</span> <span class='ocrx_word' id='word_1_922' title='bbox 2096 3078 2218 3102; x_wconf 86' lang='lat' dir='ltr'>eorum</span> <span class='ocrx_word' id='word_1_923' title='bbox 2231 3078 2296 3100; x_wconf 90' lang='lat' dir='ltr'>no-</span> 
     </span>
     <span class='ocr_line' id='line_1_131' title="bbox 1386 3109 2294 3157; baseline -0.002 -10"><span class='ocrx_word' id='word_1_924' title='bbox 1386 3114 1482 3147; x_wconf 87' lang='lat' dir='ltr'>mina</span> <span class='ocrx_word' id='word_1_925' title='bbox 1514 3112 1691 3157; x_wconf 73' lang='lat' dir='ltr'>plurativa</span> <span class='ocrx_word' id='word_1_926' title='bbox 1719 3110 1904 3145; x_wconf 84' lang='lat' dir='ltr'>ostendunt</span> <span class='ocrx_word' id='word_1_927' title='bbox 1929 3133 1940 3150; x_wconf 82' lang='lat'>‚</span> <span class='ocrx_word' id='word_1_928' title='bbox 1968 3113 2083 3157; x_wconf 86' lang='lat' dir='ltr'>plures</span> <span class='ocrx_word' id='word_1_929' title='bbox 2111 3109 2294 3147; x_wconf 81' lang='lat' dir='ltr'>villaefue-</span> 
     </span>
     <span class='ocr_line' id='line_1_132' title="bbox 1387 3154 2295 3203; baseline -0.008 -12"><span class='ocrx_word' id='word_1_930' title='bbox 1387 3169 1422 3191; x_wconf 88' lang='lat' dir='ltr'>re</span> <span class='ocrx_word' id='word_1_931' title='bbox 1453 3169 1462 3190; x_wconf 79' lang='lat' dir='ltr'>t</span> <span class='ocrx_word' id='word_1_932' title='bbox 1489 3165 1592 3201; x_wconf 83' lang='lat' dir='ltr'>atque</span> <span class='ocrx_word' id='word_1_933' title='bbox 1617 3167 1737 3189; x_wconf 87' lang='lat' dir='ltr'>eorum</span> <span class='ocrx_word' id='word_1_934' title='bbox 1768 3176 1779 3193; x_wconf 82' lang='lat'><strong>‚</strong></span> <span class='ocrx_word' id='word_1_935' title='bbox 1812 3159 1872 3200; x_wconf 83' lang='lat' dir='ltr'>qui</span> <span class='ocrx_word' id='word_1_936' title='bbox 1899 3157 2179 3203; x_wconf 67' lang='lat' dir='ltr'>aliqua.r;;t10ne</span> <span class='ocrx_word' id='word_1_937' title='bbox 2203 3154 2295 3190; x_wconf 73' lang='lat' dir='ltr'>libe-</span> 
     </span>
     <span class='ocr_line' id='line_1_133' title="bbox 1389 3203 2296 3248; baseline -0.001 -13"><span class='ocrx_word' id='word_1_938' title='bbox 1389 3204 1416 3235; x_wconf 89' lang='lat' dir='ltr'>ri</span> <span class='ocrx_word' id='word_1_939' title='bbox 1434 3224 1444 3240; x_wconf 69' lang='lat' dir='ltr'>a</span> <span class='ocrx_word' id='word_1_940' title='bbox 1471 3213 1576 3246; x_wconf 80' lang='lat' dir='ltr'>atque</span> <span class='ocrx_word' id='word_1_941' title='bbox 1607 3203 1764 3246; x_wconf 71' lang='lat' dir='ltr'>egregii,</span> <span class='ocrx_word' id='word_1_942' title='bbox 1791 3204 1876 3235; x_wconf 69' lang='lat' dir='ltr'>item</span> <span class='ocrx_word' id='word_1_943' title='bbox 1905 3207 1965 3248; x_wconf 90' lang='lat' dir='ltr'>qui</span> <span class='ocrx_word' id='word_1_944' title='bbox 1994 3203 2092 3237; x_wconf 83' lang='lat' dir='ltr'>bardi</span> <span class='ocrx_word' id='word_1_945' title='bbox 2118 3210 2221 3247; x_wconf 85' lang='lat' dir='ltr'>atque</span> <span class='ocrx_word' id='word_1_946' title='bbox 2235 3213 2296 3235; x_wconf 88' lang='lat' dir='ltr'>ru-</span> 
     </span>
     <span class='ocr_line' id='line_1_134' title="bbox 1387 3245 2295 3292; baseline -0.001 -11"><span class='ocrx_word' id='word_1_947' title='bbox 1387 3246 1507 3281; x_wconf 75' lang='lat' dir='ltr'>sticnni</span> <span class='ocrx_word' id='word_1_948' title='bbox 1539 3259 1578 3279; x_wconf 85' lang='lat' dir='ltr'>eo</span> <span class='ocrx_word' id='word_1_949' title='bbox 1605 3255 1759 3291; x_wconf 82' lang='lat' dir='ltr'>tempore</span> <span class='ocrx_word' id='word_1_950' title='bbox 1784 3245 2005 3282; x_wconf 66' lang='lat' dir='ltr'>habebantur</span> <span class='ocrx_word' id='word_1_951' title='bbox 2032 3274 2040 3282; x_wconf 91' lang='lat'><strong>.</strong></span> <span class='ocrx_word' id='word_1_952' title='bbox 2074 3250 2114 3282; x_wconf 89' lang='lat' dir='ltr'>In</span> <span class='ocrx_word' id='word_1_953' title='bbox 2137 3246 2211 3292; x_wconf 87' lang='lat' dir='ltr'>ipso</span> <span class='ocrx_word' id='word_1_954' title='bbox 2233 3258 2295 3280; x_wconf 83' lang='lat' dir='ltr'>au-</span> 
     </span>
     <span class='ocr_line' id='line_1_135' title="bbox 1387 3290 2294 3338; baseline 0 -13"><span class='ocrx_word' id='word_1_955' title='bbox 1387 3300 1458 3325; x_wconf 83' lang='lat' dir='ltr'>tem</span> <span class='ocrx_word' id='word_1_956' title='bbox 1484 3303 1608 3337; x_wconf 79' lang='lat' dir='ltr'>campo</span> <span class='ocrx_word' id='word_1_957' title='bbox 1634 3290 1830 3336; x_wconf 80' lang='lat' dir='ltr'>planicieve</span> <span class='ocrx_word' id='word_1_958' title='bbox 1856 3313 1868 3329; x_wconf 77' lang='grc'><em>,</em></span> <span class='ocrx_word' id='word_1_959' title='bbox 1903 3305 1970 3338; x_wconf 77' lang='lat' dir='ltr'>qua</span> <span class='ocrx_word' id='word_1_960' title='bbox 2000 3293 2197 3327; x_wconf 78' lang='lat' dir='ltr'>Vesuvium</span> <span class='ocrx_word' id='word_1_961' title='bbox 2218 3304 2294 3327; x_wconf 87' lang='lat' dir='ltr'>me-</span> 
     </span>
     <span class='ocr_line' id='line_1_136' title="bbox 1384 3335 2297 3418; baseline 0 -46"><span class='ocrx_word' id='word_1_962' title='bbox 1384 3336 1582 3385; x_wconf 81' lang='lat' dir='ltr'>ridiemque</span> <span class='ocrx_word' id='word_1_963' title='bbox 1609 3335 1761 3383; x_wconf 48' lang='lat' dir='ltr'>[petiam</span> <span class='ocrx_word' id='word_1_964' title='bbox 1790 3338 1833 3373; x_wconf 85' lang='lat' dir='ltr'>est</span> <span class='ocrx_word' id='word_1_965' title='bbox 1859 3349 1966 3385; x_wconf 76' lang='lat' dir='ltr'>pagus</span> <span class='ocrx_word' id='word_1_966' title='bbox 1993 3338 2297 3418; x_wconf 54' lang='lat' dir='ltr'>reppellatusgSan-</span> 
     </span>
     <span class='ocr_line' id='line_1_137' title="bbox 2212 3393 2252 3416; baseline 0.025 -1"><span class='ocrx_word' id='word_1_967' title='bbox 2212 3393 2252 3416; x_wconf 66' lang='grc' dir='ltr'>ιω·</span> 
     </span>
    </p>
   </div>
  </div>
 </body>
</html>
