2404 3882
577 334 663 386 σιξ
755 332 1347 378 ἈΝτοΝῐῐ

522 421 656 456 kaeteris
681 421 902 467 publicaue:
941 435 998 457 eos
1038 423 1100 468 qui
1133 421 1176 455 ab
1199 423 1276 455 aliis
1301 420 1427 460 locisA
1442 428 1576 456 meatus
1604 422 1640 454 in
1657 433 1752 455 mare
1776 418 1948 464 profluere
1972 421 2140 455 credibile
2162 421 2228 459 est,
2254 430 2298 456 ut
2321 458 2325 462 ,
2378 459 2380 466 ᾗ

1443 469 1475 501 Sc
1498 466 1613 500 multa
1635 462 1789 500 flumina
1814 476 1888 509 quse
1910 474 1999 499 terra
2020 465 2176 500 absorbet
2199 466 2319 511 ‚de-l
2368 476 2379 516 ’,ι

521 464 730 510 aufugerant
757 489 768 505 ,
802 466 943 503 admisit
966 490 977 505 ·,
1014 476 1118 512 atque
1139 464 1387 502 humaniffime

522 511 685 545 traEiavit
712 537 721 545 .
748 515 831 548 Haec
854 514 1049 558 complures
1075 509 1263 546 sacerdotes
1290 513 1386 544 Grae-

521 568 579 590 cos
602 554 812 591 dosiiffimos
836 556 985 593 habuit,
1012 554 1065 588 sed
1089 556 1257 601 praecipue
1271 565 1384 589 unum

517 612 624 647 quem
649 601 849 648 magistrum
877 602 1162 646 appellaverunt,
1188 599 1278 634 unde
1311 601 1387 633 Ma-

517 646 704 690 gistrorum
730 645 865 680 familia
891 666 903 683 ‚
939 647 1037 685 cujus
1073 653 1238 690 nepotem
1262 645 1385 688 Virgi-

520 692 636 728 lium,
662 702 724 735 ego
747 701 831 734 puer
843 691 950 728 novi,
976 692 1006 723 δι
1033 691 1152 735 proavi
1181 690 1276 728 mei,
1300 699 1385 733 quo-

521 745 601 770 rum
632 746 724 768 unus
758 735 894 776 viginti
918 737 1020 768 annis
1051 735 1209 779 Byzantii
1235 733 1385 769 versatus

520 779 586 812 est:
613 778 673 811 ubi
694 781 725 811 &
748 777 881 811 didicit
896 801 908 817 ‚
933 778 1097 812 &docuit
1115 777 1373 822 Philosophiam

522 826 554 857 &
576 823 803 867 Theologiam
824 846 833 856 .
857 825 968 858 Graeci
993 824 1186 866 Georgium
1212 825 1383 857 Latinum

521 870 754 902 nominarunt
768 889 778 906 ‚
803 866 842 902 eb
869 866 960 914 quod
982 868 1138 902 initalia
1154 876 1259 901 natus
1278 865 1358 902 ess'et
1372 889 1383 905 ‚

1461 330 2092 375 GALATEI'

2155 336 2243 375 ⁴620

1444 509 1525 546 inde
1547 511 1678 544 iterum
1715 512 1850 544 emittit
1882 519 1942 543 aut
1970 509 2106 544 occulte
2142 513 2178 545 in
2202 522 2297 545 mare

1442 556 1585 601 projicit
1606 576 1618 593 ‚
1643 563 1683 588 ut
1701 554 1826 589 dicunt
1847 554 1888 588 de
1918 555 2025 594 Nilo,
2054 557 2084 588 ὃ(
2107 554 2148 589 de
2163 556 2300 601 Alpheo

1443 598 1580 637 Elidis,
1607 601 1637 633 δε
1652 599 1840 635 Arethusa.
1868 599 2011 643 Explosa
2034 600 2078 635 est
2101 599 2143 633 ab
2168 600 2298 634 Aristo-

1443 646 1508 678 tele
1526 654 1685 685 veterum
1701 644 1984 690 philosophorum
2012 643 2207 683 sententia,
2231 645 2294 686 qui

1442 691 1632 724 Tartarum
1668 691 1763 723 intra
1801 700 1928 724 terram
1953 691 2129 736 ponebant
2153 702 2164 723 z
2199 691 2296 723 locus

1440 737 1538 770 enim
1563 746 1754 780 aquarum,
1779 734 1819 768 ad
1834 746 1940 779 quem
1951 734 2295 771 omnesdecurrunt·

1439 792 1534 815 mare
1559 781 1602 815 est
1620 805 1628 813 .
1667 782 1727 813 Hae
1751 782 1933 824 voragines
1957 781 2081 815 crebrae
2101 803 2113 818 0
2139 781 2200 814 ubi
2223 779 2296 824 pla-

1440 827 1503 865 ni,
1528 827 1558 859 &
1581 823 1738 859 latiffimi
1767 824 1846 859 sunt
1867 828 2006 871 campi:
2032 834 2072 859 ut
2095 826 2295 861 suntMan-

1440 870 1558 904 durini
1576 895 1586 911 ‚
1610 871 1641 903 Si
1662 870 1714 902 hae
1735 882 1805 903 non
1831 870 1937 904 essent
1952 892 1962 908 ‚
1988 881 2153 915 magnam
2169 870 2296 913 Regio·

525 910 606 946 cum
628 915 745 946 Latini
772 912 916 957 quidam
948 924 989 949 ex
1011 914 1066 947 his
1105 911 1429 957 circumforaneisss
1445 917 1501 950 nis
1522 923 1655 959 partem
1671 935 1682 951 2
1707 923 1766 948 aut
1791 914 1932 959 paludes
1956 914 2156 949 obtinerent
2186 936 2197 953 ·,
2234 919 2296 946 aut

525 955 816 991 Mendicantibus
842 960 979 992 Graecos
1001 956 1285 1006 persequerentur
1310 978 1322 995 ‚
1349 962 1408 994 ac‘
1448 960 1624 995 incultam
1642 958 1702 993 effe
1720 963 1924 1001 Regionerm
1951 958 2041 994 foret
2056 958 2299 994 neceffeznam·

523 1010 687 1046 cogerent
715 1014 771 1035 eos
797 1014 838 1036 ex
865 1005 978 1037 azimo
1008 1024 1019 1040 ‚
1056 1014 1127 1035 non
1153 1013 1194 1038 ex
1217 1008 1390 1040 termento

523 1058 611 1091 pane
648 1045 818 1086 conficere
842 1045 1118 1082 sacramentum.
1159 1048 1207 1080 Hi
1236 1044 1388 1083 sacerdos

530 1100 578 1124 tes
601 1091 670 1138 post
696 1092 814 1135 longas
837 1090 1090 1137 disputationes
1108 1096 1222 1126 Romae
1249 1094 1286 1125 in
1314 1096 1392 1138 ple·
1416 1122 1417 1125 ,

522 1147 571 1170 no
609 1136 767 1181 Collegio
789 1139 992 1182 Principum
1013 1135 1227 1172 sacerdotum
1252 1137 1390 1178 vicere,

529 1192 569 1214 ac
592 1193 633 1215 ne
659 1179 677 1214 a
699 1182 813 1225 patrio
836 1183 909 1217 ritu
931 1180 1158 1220 discederent,
1183 1183 1393 1227 impeti-ave..

526 1237 584 1260 re:
610 1237 715 1270 quem
737 1237 870 1261 morem
894 1226 960 1260 huc
976 1225 1081 1271 usque
1097 1224 1254 1260 servant:
1278 1228 1309 1260 δε
1326 1233 1392 1264 Ro.

522 1281 635 1305 manae
665 1269 819 1305 Ecclesia:
844 1270 964 1311 justis,
991 1271 1155 1306 nostrates
1182 1282 1302 1309 omnes
1328 1277 1391 1309 ca-

525 1316 650 1352 tholici
678 1317 790 1350 Graeci
816 1324 952 1362 parent.

618 1363 649 1394 A
675 1361 848 1394 Galatana
884 1363 1048 1397 Neritum
1085 1365 1154 1396 tria
1179 1363 1294 1397 millia
1314 1364 1390 1408 pas-

1445 1016 1504 1050 per
1533 1003 1693 1038 sementis
1717 1013 1874 1050 tempora
1899 1003 2064 1039 notiflare
2090 1003 2199 1038 solent
2225 1024 2236 1042 ‚
2261 1003 2296 1035 Sc

1446 1050 1582 1096 pluvias
1610 1051 1767 1092 ingentes
1791 1051 1906 1087 ciere,⁴

1536 1091 1728 1129 Universos
1741 1104 1818 1137 ager
1831 1094 2024 1129 Salentinus
2038 1091 2238 1140 tempestive
2251 1090 2300 1126 Γεί

1448 1141 1476 1174 ri
1505 1139 1653 1185 gaudet,
1679 1147 1737 1172 aut
1759 1148 1840 1173 ante
1861 1138 2016 1174 occasum
2031 1140 2295 1183 Vergiliarum:

1448 1185 1473 1220 s1
1509 1187 1520 1227 (
1540 1194 1580 1217 ut
1606 1183 1763 1228 Virgilio
1783 1186 1896 1228 Georg.
1922 1183 2026 1220 lib.1.
2050 1185 2189 1229 placet)
2212 1183 2298 1216 bru-

1447 1242 1512 1265 mae
1548 1227 1941 1274 intraftabilistempus
1964 1230 2194 1275 expefftaveris
2217 1249 2229 1266 ‚
2264 1236 2302 1262 te

1448 1276 1538 1321 seges
1570 1275 1670 1322 vani-s
1692 1272 1806 1307 eludet
1832 1276 1952 1308 avenis
1978 1287 1986 1308 ;
2024 1272 2077 1307 sed
2097 1275 2204 1309 utin
2223 1284 2300 1306 me-

1446 1319 1564 1354 dicina
1590 1340 1601 1357 ‚
1640 1320 1684 1351 iic
1720 1320 1751 1351 ὃς
1776 1321 1812 1352 in
1838 1320 2050 1363 agricultura
2068 1317 2302 1362 contemplari

1447 1374 1526 1398 ante
1559 1364 1679 1399 omnia
1707 1372 1844 1408 oportet
1877 1385 1888 1401 -‚
1929 1367 1957 1398 δι
1979 1372 2116 1409 tempus
2136 1384 2148 1402 ,
2185 1364 2299 1406 &gre-

531 1404 634 1440 suum
659 1403 737 1440 sunt
763 1417 772 1438 t
795 1405 864 1439 hoc
885 1405 950 1439 alii
979 1410 1173 1444 Neretum,
1199 1407 1259 1440 alii
1289 1411 1431 1456 Nem-C
1445 1411 1565 1453 giones
1588 1429 1600 1445 ‚
1643 1409 1675 1440 ὃς
1705 1409 1847 1450 ingenia
1885 1410 2041 1447 locorum
2057 1432 2067 1442 .

529 1459 609 1483 tum
623 1450 821 1494 penultima
849 1449 1014 1495 produeia
1037 1473 1049 1489 ‚
1074 1451 1133 1485 alii
1158 1452 1282 1490 Nem}
1305 1455 1391 1493 Nm-

526 1493 598 1539 'ru-'z
638 1495 857 1528 Recentiores
891 1494 977 1535 (sed
1008 1509 1079 1531 non
1109 1497 1220 1541 reste)
1249 1500 1392 1532 Nerito-

525 1551 614 1575 nurn
637 1536 787 1577 dicunt,
811 1549 851 1573 ut
877 1542 1000 1577 Nerito
1016 1543 1195 1575 Neritonis
1210 1567 1219 1576 .
1256 1545 1330 1587 Ego
1350 1546 1388 1578 in

523 1584 652 1618 tebella
679 1595 720 1620 ex
745 1585 892 1626 antiquo
919 1597 1091 1620 marmore
1112 1589 1236 1632 Lupiis
1259 1589 1389 1623 inven-

526 1638 564 1664 to
587 1641 642 1664 me
670 1627 783 1673 legiss'e
806 1631 978 1668 memini,
1006 1631 1182 1677 Lupienses
1198 1654 1209 1670 ‚
1233 1633 1390 1669 Hudrem

524 1677 613 1708 tinas
633 1694 644 1712 ‚
670 1673 712 1710 &-
739 1674 933 1709 Neritinos.
968 1678 1050 1710 Haec
1087 1676 1168 1710 urbs
1195 1679 1232 1713 in
1260 1680 1387 1722 apricis

525 1721 660 1764 campis
689 1729 857 1764 aquarum
893 1719 1042 1755 minime
1067 1720 1312 1766 indigentibus
1336 1724 1386 1763 ja-

523 1773 602 1798 cet.
629 1764 767 1798 Coelum
793 1763 896 1800 habet
917 1762 1204 1805 saluberrimum,
1233 1765 1405 1803 &solum

483 1824 488 1831 -
522 1812 618 1843 circa
653 1808 775 1843 urbem
811 1821 883 1844 non
907 1810 1088 1844 madidum
1114 1833 1126 1851 ‚
1161 1809 1215 1846 sed
1244 1812 1387 1850 laetum,

527 1857 557 1889 δι
584 1855 739 1900 pingue,
765 1855 795 1887 δι
822 1855 980 1894 olerum,
1006 1858 1036 1889 δε
1060 1853 1204 1901 frugum
1226 1854 1326 1902 supra
1347 1857 1388 1892 fi-

1536 1454 1695 1488 Neritini
1720 1454 1791 1497 agri
1815 1453 1956 1495 paludes
1975 1456 2089 1487 noxiae
2113 1464 2180 1486 non
2197 1450 2302 1487 suntsst'

1445 1498 1561 1533 nullas
1587 1498 1683 1530 enim
1709 1518 1720 1534 ‚
1748 1504 1810 1530 aut
1836 1509 1983 1544 paucas,
2008 1499 2214 1531 &innoxias
2235 1498 2304 1532 tol-

1444 1545 1524 1577 lunt
1553 1552 1673 1576 auras.
1699 1541 1820 1577 AEstate
1852 1545 1970 1576 omnia
1994 1541 2079 1576 ficca
2117 1539 2220 1580 sunt,
2245 1543 2304 1575 ni·-

1442 1589 1495 1623 hil
1518 1585 1627 1620 limosi
1646 1608 1658 1624 2
1686 1589 1715 1621 δι
1742 1590 1857 1631 gravis
1874 1609 1885 1629 7
1911 1596 1970 1621 aut
1993 1587 2152 1632 palustris
2174 1587 2303 1621 humo-

1444 1636 1492 1669 ris
1529 1633 1741 1677 relinquitur
1772 1644 1782 1664 z
1819 1631 1875 1667 sed
1902 1641 2043 1667 tantum
2063 1653 2075 1672 ‚
2112 1642 2295 1678 quantum

1442 1689 1582 1723 campos
1615 1674 1732 1710 reddat
1765 1678 1965 1723 pinguiores
2000 1701 2009 1713 ,
2060 1679 2102 1712 In
2124 1678 2178 1711 his
2200 1677 2303 1722 palu·-

1442 1723 1546 1757 dibus
1570 1743 1583 1761 ‚
1616 1729 1656 1754 ut
1693 1724 1724 1755 &
1759 1723 1798 1755 in
1835 1725 1967 1768 campis
2008 1721 2189 1756 Mandurii
2220 1742 2232 1759 ‚
2267 1723 2301 1754 δε

1443 1765 1559 1802 Galefi'
1579 1789 1590 1805 ‚
1625 1767 1656 1799 δι’
1681 1768 1867 1812 Cupertini
1892 1791 1904 1807 ‚
1943 1766 2119 1811 phasmata
2143 1764 2302 1812 quaedam

1442 1812 1609 1848 videntur
1632 1831 1646 1850 ‚
1677 1823 1761 1857 quas
1801 1814 2017 1847 mutationes
2037 1833 2050 1850 ‚
2088 1818 2148 1844 aut
2183 1820 2302 1845 muta·-

1443 1867 1478 1893 ta
1510 1856 1636 1891 dicunt
1668 1856 1794 1901 vulgus
1819 1878 1831 1896 ‚
1864 1857 1978 1892 nescio
1999 1879 2010 1895 ‚
2043 1867 2128 1903 quas
2156 1855 2299 1898 striges,

525 1899 604 1937 dem
624 1896 891 1935 feraciffimum:
917 1900 1121 1935 cuneatum
1145 1913 1288 1941 returns
1313 1911 1431 1951 quaeD
1447 1911 1507 1937 aut
1525 1902 1646 1936 lamias
1671 1923 1683 1941 ‚
1717 1910 1777 1935 aut
1796 1924 1809 1940 ‚
1847 1911 1887 1937 ut
1910 1903 2054 1947 Neapoli
2078 1923 2089 1940 ,
2118 1900 2300 1946 Janarias‚

530 1953 619 1980 terra
643 1945 784 1988 gignit,
808 1942 890 1978 satis
914 1946 1121 1989 proveniens
1136 1969 1146 1980 .

619 1988 712 2025 Urbs
737 1989 829 2022 inter
857 2001 976 2023 omnes
1001 2011 1011 2027 ,
1036 2001 1121 2034 quas
1150 1995 1306 2037 unquam
1333 1994 1387 2026 vi-

526 2033 563 2068 ‘di
580 2056 591 2073 ‚
616 2045 696 2069 meo
730 2033 862 2073 judicio
888 2056 900 2073 ‚
923 2036 957 2068 in
983 2034 1215 2070 amoeniffima
1234 2038 1384 2082 planitie

527 2078 594 2114 sita
620 2100 631 2118 ·,
665 2077 765 2111 distat
796 2077 839 2112 ab
873 2080 934 2113 ora·
963 2079 1054 2113 finus
1092 2081 1278 2115 Tarentini
1320 2084 1385 2117 tri-

525 2124 614 2162 bus,
637 2131 696 2158 aut
713 2131 866 2167 quatuor
894 2123 1055 2161 millibus
1080 2124 1256 2168 passuum:
1283 2124 1384 2161 &Lu-

526 2172 597 2215 piis
617 2167 841 2214 quindecimt
869 2167 887 2202 ἲι
914 2170 1066 2204 Tarento
1089 2169 1210 2204 XLV.
1226 2197 1233 2206 .
1273 2173 1382 2206 Oram

527 2213 634 2251 habet
654 2223 805 2247 xxurr-
845 2214 960 2249 millia
990 2213 1144 2259 passuum
1185 2216 1382 2260 longitudi-

527 2261 585 2294 nis
611 2256 629 2291 a
653 2256 811 2291 confinio
833 2260 1031 2293 Tarentinae
1054 2271 1120 2295 orae
1141 2257 1248 2306 usque
1273 2261 1313 2294 ad
1328 2273 1386 2295 ru-

526 2316 607 2350 pem
629 2302 734 2336 altam
758 2305 844 2336 mari
861 2302 1120 2348 impendentem
1135 2325 1147 2342 ‚
1171 2302 1276 2350 quam
1302 2303 1384 2340 are-

527 2347 698 2383 §titudine
735 2348 963 2382 Ortholithon
988 2348 1113 2383 dicunt
1138 2373 1147 2383 .
1185 2352 1258 2384 Hic
1294 2352 1382 2396 lapis

525 2397 782 2428 Neritonorum
798 2414 809 2431 ‚
835 2394 865 2426 &
892 2393 1237 2438 ‚Gallipolitanorum
1260 2407 1381 2441 agrum

525 2437 743 2472 disterminat
765 2459 776 2472 .
803 2440 851 2472 Ea
874 2449 932 2471 ora
957 2445 1029 2472 t'ota
1048 2438 1228 2482 piscaturae
1253 2440 1387 2487 aptiffi-

527 2495 587 2519 ma
608 2503 619 2521 ‚
655 2484 685 2517 Sc
715 2482 843 2518 alicubi
876 2484 973 2522 iuxta
996 2484 1097 2517 littus
1119 2481 1280 2519 fontibus
1312 2497 1387 2520 ma÷

526 2539 617 2562 nans
631 2551 640 2560 .
665 2529 797 2563 Omnia
829 2539 904 2572 quae
918 2529 954 2560 in
969 2537 1049 2571 agro
1065 2530 1229 2563 Neritino
1244 2530 1389 2565 nascun-

528 2580 586 2606 tur
609 2574 744 2616 optima
781 2571 891 2605 sunt:
929 2572 987 2605 hic
1023 2574 1118 2606 enim
1151 2585 1285 2618 magnae
1312 2587 1389 2621 par-.-

526 2620 574 2650 tis
599 2615 768 2651 Calabriae
791 2617 919 2651 imbres
946 2616 1093 2651 coelestes
1119 2617 1221 2652 simul
1263 2622 1294 2653 ἃς
1318 2629 1388 2653 ter-

529 2672 648 2697 rarum
672 2661 924 2705 pinguedinem
946 2664 1072 2707 recipit
1090 2687 1099 2696 .
1124 2665 1162 2699 In
1188 2665 1309 2708 pluvia
1327 2675 1384 2699 co?

528 2705 622 2752 piosa
646 2706 728 2738 licet
753 2705 868 2741 videre
883 2718 1002 2743 omnes
1027 2718 1147 2751 agros,
1174 2720 1260 2754 quos
1284 2710 1383 2755 palu-

526 2753 585 2787 des
609 2749 755 2789 dicunt,
779 2754 876 2796 aquis
899 2760 1052 2793 opertos,
1079 2751 1188 2786 fimile
1219 2755 1303 2799 quid
1322 2765 1383 2800 pa·-

529 2802 657 2832 tientes
681 2795 972 2837 inundationibus
994 2798 1095 2831 Nili:
1122 2797 1174 2832 sed
1203 2799 1304 2840 hujus
1326 2803 1382 2834 in.-

527 2840 733 2877 undationis
754 2849 888 2887 partem
913 2851 1002 2879 terra
1024 2843 1222 2881 combibit,
1248 2856 1285 2878 ac
1300 2856 1383 2878 con-

531 2888 653 2932 coquit
673 2909 684 2926 ,
709 2894 843 2932 partem
859 2909 869 2926 ,
893 2899 966 2934 quae
985 2890 1165 2933 voragines
1185 2887 1227 2922 ab
1253 2890 1381 2923 incolis

528 2932 719 2969 dicuntur,
744 2930 941 2967 admittunt
967 2956 976 2971 ‚
1012 2934 1244 2978 Sagacitatem
1264 2918 1420 2979 provi-F

526 2976 578 3012 dae
600 2986 731 3013 naturae
749 2974 879 3021 ubique
912 2977 1056 3022 speerare
1082 2988 1288 3024 promptum
1316 2980 1379 3014 est.

610 3022 717 3055 Terra
727 3021 872 3066 Japygia
885 3021 953 3056 fere
968 3022 1098 3067 ubique
1136 3023 1212 3057 lana
1228 3045 1238 3061 ,
1267 3025 1382 3059 &col-.-

530 3065 580 3100 ies
601 3076 722 3110 parvos
741 3066 845 3101 habet
865 3091 874 3105 ,
913 3070 993 3101 Non
1015 3065 1094 3101 sunt
1124 3071 1255 3103 lumina
1271 3091 1281 3107 ‚
1307 3081 1380 3104 non

533 3111 640 3144 valles
654 3132 664 3149 ‚
680 3122 749 3147 nou
763 3113 876 3149 lacus,
893 3111 1087 3157 necubique
1099 3121 1266 3149 torrentes
1285 3136 1296 3153 ‚
1318 3115 1381 3160 qui

534 3157 694 3199 ingentes
711 3154 849 3199 pluvias
863 3166 1034 3201 receptare
1049 3157 1177 3202 poffint
1189 3181 1198 3192 .
1225 3159 1384 3194 Instituit

531 3208 661 3233 natura
691 3200 795 3233 certis
819 3202 856 3233 in
877 3203 963 3237 locis
982 3205 1162 3246 voragines
1186 3224 1198 3241 ‚
1221 3203 1270 3237 'nae
1293 3214 1387 3238 cavae

534 3241 615 3278 suut
639 3242 728 3281 foffae
754 3264 765 3280 2
800 3246 890 3279 nulli
924 3246 1088 3284 videntur
1113 3248 1232 3282 hiatus
1256 3269 1269 3286 ς
1307 3246 1383 3284 ideo

534 3287 626 3325 nulli
676 3289 886 3324 animalium
927 3290 1126 3336 peruiciosae
1161 3290 1240 3326 sunt
1264 3317 1274 3326 .
1320 3294 1384 3328 Hae

535 3341 641 3374 aquas
659 3331 857 3375 aliquandiu
882 3339 1093 3373 continent,
1117 3335 1226 3370 donec
1247 3335 1264 3370 ὲ
1289 3338 1387 3372 caecis

536 3374 741 3420 quibusdam
764 3374 983 3419 spiramentis
1009 3391 1050 3412 ex
1073 3382 1211 3414 intimis
1230 3391 1325 3417 terrae
1336 3394 1388 3415 re-

537 3418 678 3465 ceffibus
705 3420 844 3461 lpiritus
868 3423 999 3460 eruStet
1016 3445 1028 3462 0,
1065 3433 1168 3470 atque
1203 3436 1388 3471 erumpat.

538 3465 607 3498 Hic
629 3474 757 3507 magno
780 3466 942 3509 impetu,
969 3476 1071 3512 atque
1097 3471 1232 3512 ingenti
1257 3470 1389 3514 fragore

538 3511 647 3553 ,aperit
674 3512 775 3555 aquis
798 3510 913 3545 aditus
944 3522 952 3545 z
979 3511 1055 3545 illas
1077 3523 1135 3557 per
1154 3511 1391 3554 subterraneos

1402 2408 1558 2457 Eomnes
1583 2395 1624 2427 ab
1650 2395 1727 2428 aliis
1755 2394 1784 2428 se
1811 2394 1935 2429 audiffe
1957 2393 2136 2428 fatentur.

1445 1951 1477 1982 &
1501 1948 1513 1989 (
1535 1957 1572 1981 ut
1596 1949 1710 1981 Graeci
1735 1945 1883 1990 dicunt)
1907 1946 2069 1981 Nereides
2093 1967 2104 1983 ·,
2139 1944 2302 1979 fabulan-

1443 2003 1500 2028 tur
1525 2018 1534 2026 .
1572 1993 1708 2026 Mirum
1728 1992 1772 2025 est
1798 2013 1810 2029 ‚
1848 2001 1963 2026 totum
1991 1990 2122 2025 Orbem
2147 1988 2302 2026 invasit,

1442 2042 1473 2073 Sc
1498 2040 1532 2071 in
1555 2035 1697 2071 miseras
1734 2039 1863 2070 erravit
1888 2035 2006 2072 fabula
2032 2045 2151 2080 gentes
2178 2055 2190 2072 ‚
2221 2033 2304 2067 nul·-

1441 2085 1475 2118 lo
1508 2091 1601 2116 certo
1628 2081 1774 2115 Aufiiore
1801 2103 1815 2119 ‚
1851 2081 1949 2114 nulla
1977 2083 2114 2115 ratione
2149 2101 2161 2117 ‚
2201 2078 2301 2112 nullo

1440 2129 1681 2174 experimento
1702 2123 1937 2171 unusquisque
1958 2124 2072 2160 credit
2102 2145 2114 2161 s
2140 2135 2215 2169 quae
2237 2133 2301 2156 ne·-

1439 2185 1507 2219 que
1530 2171 1648 2209 vidit,
1671 2181 1783 2216 neque
1810 2182 1889 2204 vera
1912 2169 1992 2204 sunt
2016 2191 2028 2208 ‚
2065 2169 2189 2204 stamus
2215 2168 2301 2202 alie-

1440 2222 1517 2256 nis,
1543 2218 1573 2250 ὅτ.
1597 2214 1911 2250 ἰῃιὶοὸὶὶιῖἶπηοωῐη
1933 2216 2117 2249 hominum
2145 2213 2302 2247 testimo·

1439 2265 1507 2296 niis
1523 2284 1534 2300 ‚
1559 2261 1751 2307 puerilibus
1775 2263 1882 2295 larvis
1906 2282 1917 2299 ‚
1939 2260 2096 2304 anilibus
2122 2257 2300 2293 credimus

1438 2307 1648 2341 commentis
1669 2327 1679 2343 2
1707 2307 1737 2339 86
1762 2306 1839 2352 plus
1863 2304 1945 2339 fidei
1975 2303 2120 2338 auribus
2146 2325 2157 2341 .,
2190 2303 2300 2347 quam.

1439 2353 1548 2385 oculis
1574 2349 1799 2384 adhibemus:
1830 2362 1933 2384 nemo
1957 2350 2118 2383 oculatus
2130 2346 2299 2383 testisest,

2212 2402 2296 2424 uan-

1441 2445 1486 2477 tis
1510 2439 1662 2475 tenebris
1685 2440 1886 2475 involvitur
1908 2440 2103 2474 humanum
2124 2448 2231 2482 genus
2254 2432 2298 2469 ad

1443 2484 1624 2522 mendacia
1658 2493 1783 2519 natum
1811 2507 1822 2524 ‚
1859 2486 1917 2518 cui
1952 2482 2090 2524 semper
2120 2480 2229 2516 invisa
2253 2478 2299 2513 est

1444 2533 1573 2567 veritas
1601 2529 1609 2558 ἱ
1647 2530 1790 2574 Qanta
1815 2530 1930 2575 caligo
1970 2528 2103 2562 detinet
2129 2528 2301 2564 humanos

1443 2578 1605 2611 animos,
1631 2576 1762 2619 alioqui
1776 2575 1989 2611 rationales,
2015 2575 2044 2606 δι
2069 2573 2207 2607 divinos
2224 2591 2236 2608 ‚
2260 2577 2301 2602 ut

1443 2633 1514 2655 non
1540 2619 1582 2652 ab
1607 2633 1639 2653 re
1667 2623 1744 2664 quis
1769 2617 1904 2653 credere
1932 2617 2033 2664 possit
2059 2640 2070 2656 ‚
2095 2619 2213 2651 omnia
2237 2618 2303 2648 hu*

1442 2677 1545 2700 mana
1580 2664 1759 2698 simillima
1796 2663 1858 2698 effe
1893 2664 1946 2698 his
1970 2685 1982 2702 2
2030 2673 2104 2706 quae
2141 2661 2296 2694 dicemus

1439 2711 1689 2756 phantasmatis
1715 2708 1724 2741 .'
1758 2712 1844 2742 Sunt
1878 2711 1938 2754 qui
1967 2708 2113 2744 credunt
2137 2707 2299 2739 mulieres

1438 2752 1599 2799 quasdam
1625 2752 1798 2788 maleficas
1824 2751 1877 2786 seu
1892 2751 2009 2798 potius
2028 2750 2199 2785 veneficas
2220 2761 2293 2785 me-

1438 2801 1646 2834 dicamentis
1671 2798 1864 2836 delibutas,
1890 2798 1991 2831 nonu
2013 2799 2050 2830 in
2077 2798 2189 2829 varias
2217 2796 2302 2829 ani,

1438 2845 1584 2880 malium
1607 2841 1736 2879 formas
1764 2846 1851 2877 verti
1873 2865 1885 2881 ‚
1924 2844 1953 2875 δι
1979 2843 2124 2887 vagari,
2151 2838 2205 2872 seu
2238 2851 2300 2882 pos-

1440 2893 1508 2925 tius
1539 2889 1651 2922 volare
1681 2900 1737 2933 per
1780 2889 1991 2932 longinquas
2018 2888 2186 2929 Regiones
2211 2906 2223 2923 ‚
2259 2895 2299 2921 ac

1436 2935 1598 2976 nuntiare
1623 2955 1633 2971 ‚
1658 2944 1733 2976 quae
1761 2933 1811 2966 ibi
1838 2940 1993 2975 aguntur
2022 2953 2033 2969 ,
2067 2932 2207 2965 choreas
2234 2940 2293 2974 pet

1435 2977 1574 3025 paludes
1606 2977 1731 3012 ducere
1755 2999 1766 3015 ‚
1803 2980 1834 3012 δε
1860 2976 2067 3011 demonibus
2102 2974 2294 3018 congredi,

1437 3022 1597 3067 ingredi,
1623 3025 1653 3056 &
1680 3019 1793 3065 egredi
1823 3033 1880 3065 per
1895 3018 2005 3054 clausa
2030 3020 2110 3054 ostia
2126 3041 2137 3058 ,
2162 3022 2191 3052 ὃ(
2208 3018 2301 3052 fora-

1440 3071 1536 3104 mina
1552 3089 1563 3105 ‚
1588 3078 1709 3112 pueros
1732 3076 1876 3104 necare,
1898 3068 1927 3099 ὃ(
1956 3064 2071 3098 nescio
2095 3086 2106 3102 ‚
2131 3075 2205 3109 quae
2228 3063 2298 3096 alia

1440 3113 1691 3146 deliramenta:
1720 3114 1751 3144 δε
1766 3110 1857 3161 quod
1872 3109 2024 3146 maximi:
2038 3111 2178 3143 mireris
2194 3105 2299 3145 ‚sunt

1442 3160 1479 3193 in
1506 3157 1570 3190 hac
1596 3168 1630 3189 re
1654 3156 1858 3199 graviihmae
1886 3153 2099 3190 Pontificum
2125 3150 2296 3200 censurae·

1501 3201 1631 3237 Similis
1645 3201 1688 3234 est
1706 3201 1927 3235 Brocolarum
1942 3197 2076 3235 fabula,
2090 3209 2165 3243 quae
2180 3205 2298 3230 totum

1439 3247 1622 3285 Orientem
1646 3247 1770 3287 caepit:
1801 3245 1911 3285 Aiunt
1937 3254 2056 3278 eorum
2072 3260 2093 3280 ‚-
2110 3243 2170 3287 qui
2198 3240 2305 3273 lceleq-

1444 3291 1487 3325 ste
1501 3292 1612 3324 vitam
1628 3297 1797 3334 egerunt,
1813 3291 1979 3327 animas,
2001 3296 2170 3331 tanquam
2195 3283 2309 3318 flam-2
2327 3311 2330 3316 .

1443 3346 1580 3372 marum
1603 3334 1723 3378 ¹globos
1749 3332 1873 3379 noeiue
1897 3332 2061 3379 sepuicris
2087 3331 2232 3364 evolare.
2249 3325 2301 3380 so-

1445 3381 1549 3418 litas,
1576 3381 1695 3417 notis,
1721 3381 1751 3414 δε
1775 3381 1899 3413 amicis
1920 3377 2108 3422 apparere,
2133 3373 2298 3408 animalis-

1444 3426 1509 3462 bus
1535 3421 1622 3461 vesci
1641 3446 1650 3461 ‚
1674 3435 1793 3467 pueros
1818 3422 1937 3467 fugare
1953 3443 1967 3461 ‚
1993 3432 2031 3454 ac
2054 3430 2174 3455 necare
2201 3440 2212 3455 ,
2241 3416 2299 3450 de-

1447 3470 1528 3504 inde
1556 3472 1591 3502 in
1606 3466 1758 3508 sepulcra
1784 3470 1909 3502 reverti
1926 3489 1936 3502 ρ
1963 3462 2196 3506 superstitiosa
2214 3473 2298 3506 gens
2321 3500 2329 3509 ἡ

1450 3512 1600 3559 sepulcra
1622 3508 1747 3547 'effodit
1761 3535 1772 3551 ‚
1799 3524 1837 3546 ac
1859 3510 1954 3548 {1:in
1973 3509 2133 3544 cadavere
2150 3508 2299 3562 ‚ndstra-

2163 3563 2254 3588 ctum
