2404 3882
142 125 1145 315 aMssRosu
1249 113 2018 318 monis

752 349 915 408 DE
1044 351 1436 425 Nomi
1688 350 1694 359 2

993 469 1132 526 Patria
1145 472 1159 521 ξ

587 666 590 669 4
647 619 726 665 AD
761 615 1147 657 HENchvM
1181 617 1529 663 vRSJNvM

849 717 1054 769 Prf'ncipem
1063 716 1280 769 justiffimum

744 862 1423 912 PRAEFAT103

244 1108 252 1121 ⁴
339 1100 353 1103 .,
411 1103 421 1119 ,
462 1067 679 1119 Princeps,
705 1067 969 1105 vehementer
982 1080 1026 1105 o-

174 1130 185 1145 *
247 1129 252 1139 ⁸
283 1148 293 1155 ι
312 1170 315 1172 ,
338 1138 356 1173 :25
374 1113 411 1161 ²2⁸
429 1117 434 1141 ¹
463 1132 583 1177 ptant
598 1152 609 1171 ‚
625 1122 877 1177 mirificeque
895 1125 1032 1162 nitun-

323 1187 344 1229 ᾗ·
463 1190 560 1227 tur,
593 1191 640 1220 ut
654 1182 833 1232 patriam
853 1189 938 1219 tam
952 1191 1031 1232 ope

384 1252 388 1262 ·
418 1246 420 1248 ·
462 1238 621 1278 stimma
665 1236 808 1282 juvent
834 1265 847 1285 ‚
905 1247 1031 1290 quam

375 1293 390 1302 “
463 1297 573 1334 omni
605 1295 736 1334 officio
761 1322 773 1343 ‚
799 1295 1031 1335 veneratio-

458 1363 507 1390 ne
521 1380 533 1400 ‚
548 1363 595 1390 ac
611 1353 762 1403 pietate
783 1348 1030 1404 prosequan-

115 1406 211 1447 tur]
232 1406 292 1446 Ca
305 1410 336 1448 ri
351 1419 530 1462 namque
545 1409 633 1449 sunt
653 1407 724 1447 filii
742 1435 754 1455 ‚
784 1411 865 1448 cai-i
886 1417 1027 1458 paren-

394 1007 572 1116 'Mnes
612 1010 797 1049 homines
825 1009 837 1058 ζ
880 1006 1176 1052 EnriceAtem
1191 1019 1284 1049 cum
1308 1009 1395 1050 vita
1419 1017 1683 1050 commutare
1699 1012 1853 1063 potius.
1868 1021 2002 1070 quami

1084 1068 1209 1107 sinere
1236 1068 1412 1119 patriam
1446 1068 1552 1107 vinci
1583 1095 1595 1114 ‚
1628 1077 1697 1106 aut
1715 1071 1858 1109 variari
1888 1100 1899 1119 ‚
1926 1085 1995 1113 aut

1091 1125 1198 1164 iaedi.
1230 1124 1308 1163 Alii
1339 1123 1495 1175 insuper
1532 1125 1650 1163 aliter
1681 1137 1853 1177 operam
1882 1138 2001 1175 egre.

1088 1183 1200 1233 giam
1217 1190 1423 1220 navavcre
1450 1192 1525 1232 pro
1543 1183 1699 1232 patria:
1730 1193 1830 1234 quos
1864 1194 2000 1223 recen-

1089 1237 1174 1276 sere
1203 1248 1303 1302 opus
1332 1235 1437 1275 foret
1466 1238 1706 1277 immensum
1738 1267 1747 1276 .
1783 1237 1870 1289 Ipse
1899 1251 2002 1280 vero

1088 1297 1265 1346 patriam
1280 1304 1447 1347 quoque
1462 1293 1592 1333 studio
1610 1294 1900 1345 prosecuturus
1924 1324 1935 1343 ‚
1952 1305 2002 1337 ut

1088 1351 1238 1390 horum
1269 1352 1454 1390 omnium
1489 1350 1765 1391 benefaciendi
1795 1351 2002 1404 cupidita-

1086 1417 1171 1448 tem
1199 1407 1533 1447 videorimitari:
1566 1409 1619 1446 ita
1653 1408 1779 1448 modo
1812 1408 1999 1462 quodam

118 1470 206 1511 tes,
235 1468 317 1504 cari
336 1467 433 1519 quin
447 1469 574 1506 etiam
590 1492 601 1512 ‚
619 1473 741 1518 atque
761 1464 1026 1503 nihilominus
1085 1465 1174 1505 sum
1190 1464 1322 1515 dispar
1346 1475 1517 1503 munere
1544 1464 1626 1516 ipso
1657 1464 1874 1506 reddendo
1892 1494 1897 1500 .
1929 1465 1996 1505 Illi

115 1522 264 1560 amici:
291 1524 487 1562 omnium
505 1532 643 1562 tamen
662 1523 792 1572 patria
809 1532 888 1559 una
905 1522 1025 1572 longe
1081 1524 1190 1560 enim
1207 1526 1382 1574 patriam
1409 1530 1532 1572 opere
1557 1533 1708 1574 magno
1738 1522 1996 1575 redintegra-

114 1576 315 1617 cariffirna
349 1577 405 1617 est
433 1607 444 1617 .
479 1576 577 1619 Non
605 1577 735 1618 solum
756 1580 866 1616 enirn
896 1577 1211 1628 patrianere,
1242 1578 1307 1616 vel
1325 1577 1491 1616 effecere
1523 1577 1720 1624 majorem
1744 1592 1755 1617 ε
1787 1577 1863 1630 ipse
1891 1582 1995 1618 ima-

115 1643 333 1685 parentum
363 1632 442 1673 effe
463 1647 637 1687 parem,
670 1642 791 1686 atque
823 1645 991 1673 munera
1008 1661 1020 1681 ,
1078 1637 1173 1686 gine
1194 1644 1321 1686 atque
1347 1632 1528 1685 aspeeius
1545 1638 1695 1685 proprii
1732 1635 1996 1676 similitudine

111 1702 201 1743 quae
216 1688 237 1728 ἐι
251 1691 487 1741 parentibus
505 1690 813 1744 proficiscuntur
840 1718 852 1738 ,
880 1691 1018 1729 omnia
1076 1700 1192 1730 tanta
1211 1689 1386 1742 produxi
1415 1692 1452 1728 in
1469 1690 1650 1729 medium
1668 1718 1677 1736 ,
1705 1691 1867 1731 adiutus
1892 1705 1991 1744 opeq

111 1745 325 1787 contuliffe
357 1746 550 1788 videtur:
579 1757 724 1789 verum
754 1749 880 1786 etiam
910 1759 1020 1786 com·
1083 1760 1127 1787 ra
1141 1746 1389 1794 Hieronymi
1408 1745 1559 1788 Moceti
1579 1747 1766 1799 pieioris,
1797 1758 1846 1787 ut
1864 1750 1993 1789 oculis

111 1803 232 1856 plura
246 1803 363 1842 nobis
392 1803 469 1844 alia
499 1806 748 1858 comperitur
776 1802 991 1853 praestitiffe
1010 1831 1022 1851 ,
1089 1806 1302 1851 omniurn,
1336 1813 1461 1857 atque
1495 1804 1645 1857 ubique
1682 1814 1884 1844 terrarum
1924 1817 1995 1857 per

112 1860 245 1900 veluti
268 1860 392 1899 solem
408 1888 419 1908 ‚
444 1861 594 1901 {ethera
608 1889 619 1909 ,
648 1861 824 1899 humum
843 1888 855 1907 ‚
870 1862 1021 1900 oratio·
1080 1874 1204 1914 quam
1223 1859 1340 1900 facile
1357 1859 1476 1912 poffit
1493 1858 1569 1899 effe
1584 1862 1821 1912 conspicua.
1902 1865 1989 1903 uin-

114 1927 211 1956 nem
227 1944 238 1965 ,
269 1915 522 1957 documenta
539 1946 550 1965 ,
584 1929 713 1957 mores
735 1945 747 1964 ‚
779 1928 953 1962 nomen,
969 1917 1027 1957 ib·
1083 1921 1208 1957 etiam
1238 1916 1290 1956 illi
1311 1920 1485 1968 patriam
1516 1920 1715 1957 concinne
1743 1919 1985 1971 affatimque

111 1974 306 2021 cietates,
329 1972 473 2014 domos
493 2003 506 2024 ,
537 1985 662 2028 atque
677 1973 894 2014 alimenta.
920 1972 1026 2027 Qi-
1083 1974 1360 2015 laudaverunt
1387 2000 1399 2020 ,
1429 1986 1475 2014 ac
1502 1985 1732 2014 evexerunt
1779 1974 1830 2014 ad
1859 1975 1986 2017 astra:

111 2029 188 2069 bus
205 2030 444 2071 muneribus
465 2032 578 2070 simul
596 2032 631 2071 se
646 2031 882 2083 benignam,
899 2042 1020 2084 atque
1081 2032 1163 2083 ipse
1195 2040 1340 2070 contra
1356 2031 1472 2082 copia
1501 2030 1660 2070 dicendi
1691 2030 1858 2082 seposita
1872 2060 1883 2079 ,
1922 2044 1984 2071 re—

113 2085 281 2126 suavem
295 2086 497 2129 ostendit:
525 2088 640 2127 fimul
657 2089 784 2127 etiam
801 2101 875 2128 nos
892 2089 1018 2141 usque
1081 2086 1262 2140 lifiisque
1292 2084 1481 2136 floribus,
1511 2086 1548 2126 8(
1573 2091 1810 2128 orationum
1835 2089 1986 2129 lenoci-

112 2142 219 2181 adeo
243 2143 375 2183 seeum
402 2145 614 2193 conjunxit
634 2173 646 2193 ‚
675 2145 760 2184 utfi
778 2145 878 2197 quid
895 2143 1165 2192 faeiQCniis,
1182 2145 1261 2184 sola
1278 2144 1365 2183 sum
1393 2143 1562 2184 historiae
1596 2145 1849 2196 simplicitate
1875 2158 1987 2185 com-

114 2198 300 2247 dieioxre,
336 2201 421 2240 sive
439 2202 522 2250 alii,
541 2203 621 2241 sive
639 2214 710 2241 nos
724 2200 920 2242 fuerimus
934 2230 946 2250 ,
970 2201 1022 2241 de
1082 2201 1226 2253 plexus
1242 2229 1251 2238 .
1286 2200 1469 2252 Imagine
1496 2212 1672 2253 namque
1700 2214 1800 2254 pura
1815 2230 1829 2254 ‚
1865 2212 1989 2255 atque

112 2266 163 2294 ea
178 2256 482 2297 benemerentes
496 2286 506 2304 ‚
538 2257 577 2297 id
596 2270 716 2298 omne
733 2270 844 2309 aeque
857 2287 870 2307 ,
889 2271 933 2299 ac
949 2271 1021 2297 no-

113 2311 176 2351 bis
196 2312 283 2363 ipsis
300 2311 528 2361 accesserit,
557 2314 831 2354 existimemus
846 2345 859 2364 ,
889 2326 1016 2366 atque

112 2366 372 2421 summopere
400 2370 653 2420 gaudeamus
681 2399 691 2409 .
717 2369 823 2410 Eam
851 2372 1020 2420 obrem,

111 2425 369 2465 combustam
387 2451 397 2470 ‚
431 2426 735 2480 dirutamquea
763 2426 896 2468 Gallis
936 2429 1020 2469 Ro-

112 2492 229 2532 mam
255 2480 329 2522 Fu.
349 2482 552 2523 Camillus
581 2483 741 2530 ardenti
760 2486 896 2524 animo
911 2512 924 2532 ‚
947 2495 1018 2524 cu-

111 2549 181 2585 ra,
216 2535 470 2580 solicitudine
506 2541 556 2581 ab
573 2542 735 2582 interitu
752 2540 1016 2588 vendicavit,

111 2594 366 2637 instauravit
391 2626 403 2646 ‚
433 2597 604 2638 adauxit
635 2628 645 2638 .
687 2596 876 2644 Alfonsus
919 2601 1018 2647 item

108 2649 200 2691 Rex
217 2652 468 2705 Aragonaeus
482 2655 695 2702 secundus,
716 2653 850 2695 Enrici
870 2657 937 2694 avi
955 2657 1016 2695 tui

1082 2258 1246 2297 historia
1263 2255 1459 2297 defaecata
1488 2258 1525 2296 in
1543 2259 1620 2298 hoc
1632 2258 1822 2309 opusculo
1848 2257 1986 2299 decre·-

1082 2317 1125 2353 vi
1141 2317 1317 2366 patriam
1338 2316 1549 2352 venerari.
1568 2313 1758 2366 imaginis
1782 2318 1890 2354 enim
1911 2318 1986 2362 vis,

1084 2380 1210 2426 atque
1224 2369 1329 2415 afflio
1352 2371 1490 2410 divina
1517 2371 1709 2409 nimirum
1728 2371 1804 2410 est:
1832 2373 1987 2423 quippe

1072 2437 1165 2481 quae
1182 2438 1338 2477 yeram,
1353 2427 1551 2478 suamque
1567 2431 1621 2467 rei
1635 2427 1826 2480 cuiufiqtie
1845 2426 1991 2472 faciem

1074 2486 1160 2535 agit
1173 2513 1185 2532 ,
1199 2483 1235 2523 8<
1250 2484 1399 2524 offert:
1424 2494 1547 2535 atque
1564 2483 1772 2526 absentem
1792 2495 1875 2523 tam
1891 2495 1986 2524 exa-

1074 2540 1137 2580 &e
1168 2542 1404 2593 praesentem
1432 2538 1609 2584 ostendit
1636 2568 1647 2587 ,
1676 2552 1722 2582 ac
1754 2543 1776 2579 si
1806 2540 1914 2580 foret
1947 2544 1988 2580 in

1076 2596 1318 2650 conspeflu.
1350 2598 1397 2644 In
1415 2597 1579 2638 historia
1597 2608 1695 2635 vero
1725 2609 1803 2638 uon
1822 2598 1900 2648 ipsa
1924 2609 1987 2638 res

1074 2654 1201 2698 solum
1231 2654 1419 2695 universa
1441 2679 1452 2699 ‚
1490 2652 1526 2691 &
1545 2655 1651 2693 vires
1670 2653 1786 2705 ipsius
1805 2679 1815 2698 ‚
1846 2654 1882 2692 ὅ(
1900 2666 1987 2693 mo-

110 2705 537 2764 frater,Parthenopen
557 2715 764 2765 patriam,
793 2724 880 2765 quae
908 2706 1162 2761 jam-Dres,
1192 2709 1231 2750 &
1249 2711 1405 2758 honor,
1435 2708 1665 2762 &dignitas
1685 2738 1694 2756 ,
1725 2710 1760 2748 8<
1788 2710 1896 2760 gesta
1928 2711 1986 2749 lu*

110 2766 271 2817 pridem
288 2777 428 2819 aperta
443 2780 582 2819 prope,
600 2779 722 2824 atque
740 2769 906 2821 angusta
930 2766 1019 2807 fue-

111 2831 200 2870 rat,
231 2834 322 2866 tum
342 2825 571 2876 plurimum
599 2826 895 2878 amplificavit,
921 2834 1014 2865 tum

109 2880 317 2920 moenibus
329 2893 456 2933 quam
475 2882 802 2932 praestantiffimis
829 2885 1005 2926 circum-

110 2932 226 2972 dedit
256 2965 265 2973 .
295 2938 482 2978 Athenas
509 2951 669 2994 quoque
693 2940 872 2994 alioquin
904 2941 1009 2979 inter

111 2989 235 3028 urbes
253 2993 421 3035 illustres
440 2994 557 3035 facile
571 2996 805 3044 clariffl‘mas
820 3025 833 3046 ,
862 2996 1010 3036 libcra-

107 3055 196 3088 tem
211 3074 223 3095 ‚
238 3059 284 3088 ac
297 3051 513 3092 Aristidem
529 3055 634 3093 inter
649 3057 800 3106 primos
827 3052 1014 3093 laudibus

109 3107 273 3155 magnis
303 3107 408 3156 juvit
436 3110 630 3151 extollere
662 3124 674 3152 ε
710 3107 839 3164 idque
867 3108 1016 3151 dicatis

107 3157 420 3203 Panathenaicis
460 3166 712 3210 orationibus
751 3164 1017 3206 luculentiffi-

107 3221 188 3257 mis
203 3246 213 3257 .
238 3217 446 3260 Innumeri
459 3224 687 3275 quinetiam
704 3224 903 3274 comperti
923 3222 1015 3261 sunt

110 3278 191 3317 viri
216 3302 229 3323 ‚
255 3277 378 3330 quise
395 3288 671 3333 ,corporaque
700 3292 772 3330 pro
801 3279 909 3318 vallo
934 3278 1013 3318 ausi

1074 2776 1194 2814 cent:
1222 2778 1374 2807 verum
1401 2768 1541 2813 etiam
1559 2767 1642 2806 eius
1672 2766 1791 2805 inefle
1821 2778 1984 2818 compe..

1053 2824 1180 2864 sritur
1207 2824 1420 2875 promissio
1437 2835 1585 2875 magna
1610 2822 1801 2877 quaedam
1822 2832 1917 2861 aeter
1929 2825 1988 2863 ni-

1071 2883 1167 2922 tatis
1185 2909 1194 2919 .
1223 2878 1331 2922 Vide
1363 2894 1379 2920 r
1405 2878 1638 2940 quinimmo
1658 2881 1819 2919 interim
1850 2890 1984 2930 operae

1062 2940 1249 2991 ,pretium
1280 2937 1339 2991 ίῐι1
1363 2949 1460 2979 urus
1486 2948 1571 2976 tam
1598 2936 1759 2976 civibus
1788 2934 1982 2984 Nolanis,

1071 3006 1194 3051 quam
1225 2994 1462 3037 hominibus
1492 2995 1668 3046 exteris;
1700 2992 1740 3032 hi
1761 2995 1871 3033 enim
1908 3003 1984 3032 no-

1072 3049 1294 3091 menNola
1311 3051 1525 3096 audientes
1548 3053 1586 3091 in
1601 3048 1780 3102 quadam
1802 3048 1982 3096 inanifi-

1058 3108 1219 3161 ieiaque
1249 3109 1496 3160 cogitatione
1529 3116 1722 3160 tanquam
1755 3108 1793 3144 in
1826 3105 1982 3144 somnio

1075 3174 1316 3217 vagantur:
1342 3161 1567 3216 spe-&tames
1596 3173 1694 3203 Vero
1723 3163 1802 3201 haec
1817 3160 1981 3209 nostra,

1079 3221 1443 3273 urbem‚iitumque
1460 3223 1682 3271 eiu3‚atque
1693 3219 1869 3270 plurima
1887 3218 1983 3263 alia,

1071 3290 1158 3332 quae
1188 3278 1274 3317 sunt
1298 3278 1535 3330 cognitione
1561 3276 1683 3326 digna
1703 3301 1712 3318 ,
1741 3286 1849 3327 reque
1883 3286 1930 3313 ac
1955 3273 1983 3311 st

104 3332 198 3375 ffint
227 3331 407 3387 &ostibus
437 3333 611 3375 obiicere
635 3365 648 3387 ‚
676 3332 871 3389 eligentes
897 3347 1009 3375 mor-
1064 3333 1272 3386 praesentia
1289 3333 1452 3382 forent,
1480 3332 1883 3385 infallaci‚ce1·taque
1913 3329 1979 3383 cie:

1543 3390 1583 3433 A
1834 3397 1927 3440 pse?
