<?xml version="1.0" encoding="UTF-8"?>
<!DOCTYPE html PUBLIC "-//W3C//DTD XHTML 1.0 Transitional//EN"
    "http://www.w3.org/TR/xhtml1/DTD/xhtml1-transitional.dtd">
<html xmlns="http://www.w3.org/1999/xhtml" xml:lang="en" lang="en">
 <head>
  <title>
</title>
<meta http-equiv="Content-Type" content="text/html;charset=utf-8" />
  <meta name='ocr-system' content='tesseract 3.04.00' />
  <meta name='ocr-capabilities' content='ocr_page ocr_carea ocr_par ocr_line ocrx_word'/>
</head>
<body>
  <div class='ocr_page' id='page_1' title='image "./delectusscriptor00gior_0072.png"; bbox 0 0 2404 3882; ppageno 0'>
   <div class='ocr_carea' id='block_1_1' title="bbox 509 174 1065 233">
    <p class='ocr_par' dir='ltr' id='par_1_1' title="bbox 509 174 1065 233">
     <span class='ocr_line' id='line_1_1' title="bbox 509 174 1065 233; baseline 0.002 -16"><span class='ocrx_word' id='word_1_1' title='bbox 509 181 567 233; x_wconf 61' lang='lat'>&#39;93</span> <span class='ocrx_word' id='word_1_2' title='bbox 898 174 970 230; x_wconf 28' lang='lat' dir='ltr'>,D</span> <span class='ocrx_word' id='word_1_3' title='bbox 1029 176 1065 218; x_wconf 86' lang='lat' dir='ltr'>E</span> 
     </span>
    </p>
   </div>
   <div class='ocr_carea' id='block_1_2' title="bbox 536 381 1401 440">
    <p class='ocr_par' dir='ltr' id='par_1_2' title="bbox 536 381 1401 440">
     <span class='ocr_line' id='line_1_2' title="bbox 536 381 1401 440; baseline 0.001 -17"><span class='ocrx_word' id='word_1_4' title='bbox 536 381 674 425; x_wconf 64' lang='lat' dir='ltr'>seculo</span> <span class='ocrx_word' id='word_1_5' title='bbox 689 385 825 427; x_wconf 88' lang='lat' dir='ltr'>nostro</span> <span class='ocrx_word' id='word_1_6' title='bbox 840 386 1084 426; x_wconf 82' lang='lat' dir='ltr'><strong>habitavere</strong></span> <span class='ocrx_word' id='word_1_7' title='bbox 1099 410 1113 434; x_wconf 84' lang='lat'>,</span> <span class='ocrx_word' id='word_1_8' title='bbox 1145 392 1191 423; x_wconf 88' lang='lat' dir='ltr'>ac</span> <span class='ocrx_word' id='word_1_9' title='bbox 1206 394 1275 440; x_wconf 66' lang='lat' dir='ltr'>eo:</span> <span class='ocrx_word' id='word_1_10' title='bbox 1357 390 1401 436; x_wconf 76' lang='grc' dir='ltr'><strong>Α</strong></span> 
     </span>
    </p>
   </div>
   <div class='ocr_carea' id='block_1_3' title="bbox 731 442 1124 492">
    <p class='ocr_par' dir='ltr' id='par_1_3' title="bbox 731 442 1124 492">
     <span class='ocr_line' id='line_1_3' title="bbox 731 442 1124 492; baseline -0.005 -9"><span class='ocrx_word' id='word_1_11' title='bbox 731 453 823 483; x_wconf 88' lang='lat' dir='ltr'>rurn</span> <span class='ocrx_word' id='word_1_12' title='bbox 852 442 1066 492; x_wconf 56' lang='lat' dir='ltr'>ejectione,</span> <span class='ocrx_word' id='word_1_13' title='bbox 1119 454 1124 460; x_wconf 94' lang='lat'>·</span> 
     </span>
    </p>
   </div>
   <div class='ocr_carea' id='block_1_4' title="bbox 688 543 1091 580">
    <p class='ocr_par' dir='ltr' id='par_1_4' title="bbox 688 543 1091 580">
     <span class='ocr_line' id='line_1_4' title="bbox 688 543 1091 580; baseline 0.002 -2"><span class='ocrx_word' id='word_1_14' title='bbox 688 543 720 578; x_wconf 89' lang='lat' dir='ltr'><strong>C</strong></span> <span class='ocrx_word' id='word_1_15' title='bbox 771 547 803 580; x_wconf 81' lang='lat' dir='ltr'>A</span> <span class='ocrx_word' id='word_1_16' title='bbox 855 547 895 580; x_wconf 91' lang='lat' dir='ltr'>P.</span> <span class='ocrx_word' id='word_1_17' title='bbox 1008 543 1091 579; x_wconf 74' lang='lat' dir='ltr'>1V;</span> 
     </span>
    </p>
   </div>
   <div class='ocr_carea' id='block_1_5' title="bbox 544 591 1493 677">
    <p class='ocr_par' dir='ltr' id='par_1_5' title="bbox 544 591 1493 677">
     <span class='ocr_line' id='line_1_5' title="bbox 544 591 1493 677; baseline 0.003 -4"><span class='ocrx_word' id='word_1_18' title='bbox 544 637 738 673; x_wconf 82' lang='lat' dir='ltr'>ENolanis</span> <span class='ocrx_word' id='word_1_19' title='bbox 771 638 923 675; x_wconf 83' lang='lat' dir='ltr'>familiis</span> <span class='ocrx_word' id='word_1_20' title='bbox 951 641 983 674; x_wconf 76' lang='grc' dir='ltr'>δε</span> <span class='ocrx_word' id='word_1_21' title='bbox 1004 638 1235 677; x_wconf 66' lang='lat' dir='ltr'>hibitatione</span> <span class='ocrx_word' id='word_1_22' title='bbox 1272 638 1362 676; x_wconf 82' lang='lat' dir='ltr'>satis</span> <span class='ocrx_word' id='word_1_23' title='bbox 1424 591 1493 670; x_wconf 82' lang='lat' dir='ltr'><strong>E</strong></span> 
     </span>
    </p>
   </div>
   <div class='ocr_carea' id='block_1_6' title="bbox 560 683 1358 733">
    <p class='ocr_par' dir='ltr' id='par_1_6' title="bbox 560 683 1358 733">
     <span class='ocr_line' id='line_1_6' title="bbox 560 683 1358 733; baseline 0.001 -15"><span class='ocrx_word' id='word_1_24' title='bbox 560 683 676 718; x_wconf 79' lang='lat' dir='ltr'>dixisse</span> <span class='ocrx_word' id='word_1_25' title='bbox 699 686 863 721; x_wconf 63' lang='lat' dir='ltr'>videmur</span> <span class='ocrx_word' id='word_1_26' title='bbox 879 684 1116 733; x_wconf 73' lang='lat' dir='ltr'>:consequens</span> <span class='ocrx_word' id='word_1_27' title='bbox 1141 688 1185 722; x_wconf 88' lang='lat' dir='ltr'>est</span> <span class='ocrx_word' id='word_1_28' title='bbox 1198 685 1213 726; x_wconf 31' lang='lat'>2*</span> <span class='ocrx_word' id='word_1_29' title='bbox 1234 685 1358 720; x_wconf 88' lang='lat' dir='ltr'>docere</span> 
     </span>
    </p>
   </div>
   <div class='ocr_carea' id='block_1_7' title="bbox 444 726 1361 779">
    <p class='ocr_par' dir='ltr' id='par_1_7' title="bbox 444 726 1361 779">
     <span class='ocr_line' id='line_1_7' title="bbox 444 726 1361 779; baseline 0.003 -18"><span class='ocrx_word' id='word_1_30' title='bbox 444 726 486 761; x_wconf 89' lang='lat' dir='ltr'>de</span> <span class='ocrx_word' id='word_1_31' title='bbox 512 728 670 766; x_wconf 74' lang='lat' dir='ltr'>incolatu</span> <span class='ocrx_word' id='word_1_32' title='bbox 696 729 893 770; x_wconf 73' lang='lat' dir='ltr'>Iulaeorum</span> <span class='ocrx_word' id='word_1_33' title='bbox 911 754 922 770; x_wconf 86' lang='lat'>‚</span> <span class='ocrx_word' id='word_1_34' title='bbox 949 743 1056 777; x_wconf 83' lang='lat' dir='ltr'>quem</span> <span class='ocrx_word' id='word_1_35' title='bbox 1085 729 1283 779; x_wconf 80' lang='lat' dir='ltr'>aliquando</span> <span class='ocrx_word' id='word_1_36' title='bbox 1310 730 1361 765; x_wconf 88' lang='lat' dir='ltr'>fe-</span> 
     </span>
    </p>
   </div>
   <div class='ocr_carea' id='block_1_8' title="bbox 453 177 1517 333">
    <p class='ocr_par' dir='ltr' id='par_1_8' title="bbox 453 177 1517 333">
     <span class='ocr_line' id='line_1_8' title="bbox 532 177 1517 227; baseline 0.014 -18"><span class='ocrx_word' id='word_1_37' title='bbox 532 225 537 227; x_wconf 23' lang='grc'><strong>,</strong></span> <span class='ocrx_word' id='word_1_38' title='bbox 1178 177 1224 219; x_wconf 75' lang='lat' dir='ltr'>N</span> <span class='ocrx_word' id='word_1_39' title='bbox 1281 178 1325 220; x_wconf 88' lang='lat'><em>0</em></span> <span class='ocrx_word' id='word_1_40' title='bbox 1381 177 1418 221; x_wconf 81' lang='lat'>1,</span> <span class='ocrx_word' id='word_1_41' title='bbox 1475 183 1517 223; x_wconf 77' lang='lat' dir='ltr'>A</span> 
     </span>
     <span class='ocr_line' id='line_1_9' title="bbox 453 246 1365 333; baseline -0.002 -14"><span class='ocrx_word' id='word_1_42' title='bbox 453 246 909 328; x_wconf 57' lang='lat' dir='ltr'>namnam,</span> <span class='ocrx_word' id='word_1_43' title='bbox 968 273 1106 333; x_wconf 62' lang='lat' dir='ltr'>Qui</span> <span class='ocrx_word' id='word_1_44' title='bbox 1149 271 1365 317; x_wconf 78' lang='lat' dir='ltr'><strong>NOLAE</strong></span> 
     </span>
    </p>
   </div>
   <div class='ocr_carea' id='block_1_9' title="bbox 1486 183 2276 523">
    <p class='ocr_par' dir='ltr' id='par_1_9' title="bbox 1624 183 2276 260">
     <span class='ocr_line' id='line_1_10' title="bbox 1624 183 2276 260; baseline 0.006 -35"><span class='ocrx_word' id='word_1_45' title='bbox 1624 183 1660 225; x_wconf 89' lang='lat' dir='ltr'>L</span> <span class='ocrx_word' id='word_1_46' title='bbox 1689 184 1710 226; x_wconf 90' lang='lat' dir='ltr'>I</span> <span class='ocrx_word' id='word_1_47' title='bbox 1739 186 1786 239; x_wconf 65' lang='lat' dir='ltr'>I}-</span> <span class='ocrx_word' id='word_1_48' title='bbox 1846 187 1925 229; x_wconf 82' lang='grc' dir='ltr'><strong>ΙΙΙ.</strong></span> <span class='ocrx_word' id='word_1_49' title='bbox 1956 228 1982 260; x_wconf 44' lang='grc' dir='ltr'><strong>ψ</strong></span> <span class='ocrx_word' id='word_1_50' title='bbox 2192 191 2276 230; x_wconf 82' lang='lat'>&#39;100</span> 
     </span>
    </p>

    <p class='ocr_par' dir='ltr' id='par_1_10' title="bbox 1486 275 2276 523">
     <span class='ocr_line' id='line_1_11' title="bbox 1486 275 2276 333; baseline 0.005 -13"><span class='ocrx_word' id='word_1_51' title='bbox 1486 275 1569 333; x_wconf 84' lang='lat' dir='ltr'>DE</span> <span class='ocrx_word' id='word_1_52' title='bbox 1611 277 1837 323; x_wconf 85' lang='lat' dir='ltr'>STVDIIS</span> <span class='ocrx_word' id='word_1_53' title='bbox 1878 278 2276 324; x_wconf 83' lang='lat' dir='ltr'>NOLANORUM</span> 
     </span>
     <span class='ocr_line' id='line_1_12' title="bbox 1729 384 2008 427; baseline 0 0"><span class='ocrx_word' id='word_1_54' title='bbox 1729 384 2008 427; x_wconf 79' lang='lat' dir='ltr'>Praesentium.</span> 
     </span>
     <span class='ocr_line' id='line_1_13' title="bbox 1711 485 2026 523; baseline 0.013 -4"><span class='ocrx_word' id='word_1_55' title='bbox 1711 485 1743 519; x_wconf 89' lang='lat' dir='ltr'>C</span> <span class='ocrx_word' id='word_1_56' title='bbox 1789 487 1821 521; x_wconf 87' lang='lat' dir='ltr'>A</span> <span class='ocrx_word' id='word_1_57' title='bbox 1868 490 1907 522; x_wconf 81' lang='lat' dir='ltr'>P.</span> <span class='ocrx_word' id='word_1_58' title='bbox 1976 489 2026 523; x_wconf 82' lang='lat' dir='ltr'>V.</span> 
     </span>
    </p>
   </div>
   <div class='ocr_carea' id='block_1_10' title="bbox 1419 591 2325 779">
    <p class='ocr_par' dir='ltr' id='par_1_11' title="bbox 1419 591 2325 779">
     <span class='ocr_line' id='line_1_14' title="bbox 1505 591 2325 645; baseline 0.007 -18"><span class='ocrx_word' id='word_1_59' title='bbox 1505 594 1543 627; x_wconf 77' lang='lat' dir='ltr'><strong>X</strong></span> <span class='ocrx_word' id='word_1_60' title='bbox 1572 600 1654 628; x_wconf 87' lang='lat' dir='ltr'>ante</span> <span class='ocrx_word' id='word_1_61' title='bbox 1676 591 1769 628; x_wconf 61' lang='lat' dir='ltr'>faRa</span> <span class='ocrx_word' id='word_1_62' title='bbox 1792 593 1833 628; x_wconf 89' lang='lat' dir='ltr'>de</span> <span class='ocrx_word' id='word_1_63' title='bbox 1856 596 1996 633; x_wconf 85' lang='lat' dir='ltr'>civibus</span> <span class='ocrx_word' id='word_1_64' title='bbox 2019 597 2162 633; x_wconf 84' lang='lat' dir='ltr'>historia</span> <span class='ocrx_word' id='word_1_65' title='bbox 2183 596 2325 645; x_wconf 71' lang='lat' dir='ltr'>piuscu2</span> 
     </span>
     <span class='ocr_line' id='line_1_15' title="bbox 1435 638 2323 689; baseline 0.005 -16"><span class='ocrx_word' id='word_1_66' title='bbox 1435 679 1443 686; x_wconf 34' lang='lat'>⁵</span> <span class='ocrx_word' id='word_1_67' title='bbox 1524 638 1635 685; x_wconf 90' lang='lat' dir='ltr'>lisque</span> <span class='ocrx_word' id='word_1_68' title='bbox 1659 640 1745 674; x_wconf 82' lang='lat' dir='ltr'>locis</span> <span class='ocrx_word' id='word_1_69' title='bbox 1772 641 1850 675; x_wconf 87' lang='lat' dir='ltr'>aliis</span> <span class='ocrx_word' id='word_1_70' title='bbox 1876 646 2081 678; x_wconf 85' lang='lat' dir='ltr'>memoratis</span> <span class='ocrx_word' id='word_1_71' title='bbox 2107 655 2214 689; x_wconf 87' lang='lat' dir='ltr'>quam</span> <span class='ocrx_word' id='word_1_72' title='bbox 2234 641 2323 677; x_wconf 87' lang='lat' dir='ltr'>faci-</span> 
     </span>
     <span class='ocr_line' id='line_1_16' title="bbox 1419 678 2324 732; baseline 0.006 -14"><span class='ocrx_word' id='word_1_73' title='bbox 1419 678 1506 718; x_wconf 80' lang='lat' dir='ltr'>llme</span> <span class='ocrx_word' id='word_1_74' title='bbox 1535 683 1683 732; x_wconf 79' lang='lat' dir='ltr'>perspici</span> <span class='ocrx_word' id='word_1_75' title='bbox 1711 688 1852 730; x_wconf 78' lang='lat' dir='ltr'>possunt</span> <span class='ocrx_word' id='word_1_76' title='bbox 1887 689 2007 722; x_wconf 86' lang='lat' dir='ltr'>omnia</span> <span class='ocrx_word' id='word_1_77' title='bbox 2034 687 2140 723; x_wconf 86' lang='lat' dir='ltr'>studia</span> <span class='ocrx_word' id='word_1_78' title='bbox 2169 689 2324 723; x_wconf 88' lang='lat' dir='ltr'>Nolano-</span> 
     </span>
     <span class='ocr_line' id='line_1_17' title="bbox 1422 731 2325 779; baseline 0.007 -19"><span class='ocrx_word' id='word_1_79' title='bbox 1422 736 1500 762; x_wconf 85' lang='lat' dir='ltr'>rum</span> <span class='ocrx_word' id='word_1_80' title='bbox 1529 751 1541 768; x_wconf 86' lang='lat'>,</span> <span class='ocrx_word' id='word_1_81' title='bbox 1595 732 1631 763; x_wconf 91' lang='lat' dir='ltr'>ui</span> <span class='ocrx_word' id='word_1_82' title='bbox 1658 731 1761 766; x_wconf 79' lang='lat' dir='ltr'>hodie</span> <span class='ocrx_word' id='word_1_83' title='bbox 1787 742 1911 768; x_wconf 76' lang='lat' dir='ltr'>extant</span> <span class='ocrx_word' id='word_1_84' title='bbox 1937 744 1946 765; x_wconf 72' lang='grc' dir='ltr'><strong><em>ε</em></strong></span> <span class='ocrx_word' id='word_1_85' title='bbox 1984 744 2090 779; x_wconf 83' lang='lat' dir='ltr'>arque</span> <span class='ocrx_word' id='word_1_86' title='bbox 2117 734 2238 769; x_wconf 81' lang='lat' dir='ltr'>eadem</span> <span class='ocrx_word' id='word_1_87' title='bbox 2261 733 2325 767; x_wconf 85' lang='lat' dir='ltr'>illa</span> 
     </span>
    </p>
   </div>
   <div class='ocr_carea' id='block_1_11' title="bbox 443 773 2323 826">
    <p class='ocr_par' dir='ltr' id='par_1_12' title="bbox 443 773 2323 826">
     <span class='ocr_line' id='line_1_18' title="bbox 443 773 2323 826; baseline 0.001 -16"><span class='ocrx_word' id='word_1_88' title='bbox 443 783 521 806; x_wconf 72' lang='lat' dir='ltr'>&#39;cere</span> <span class='ocrx_word' id='word_1_89' title='bbox 545 779 582 810; x_wconf 87' lang='lat' dir='ltr'>in</span> <span class='ocrx_word' id='word_1_90' title='bbox 599 773 684 808; x_wconf 85' lang='lat' dir='ltr'>urbe</span> <span class='ocrx_word' id='word_1_91' title='bbox 708 777 998 826; x_wconf 74' lang='lat' dir='ltr'>Nolaztanquam</span> <span class='ocrx_word' id='word_1_92' title='bbox 1024 777 1064 811; x_wconf 87' lang='lat' dir='ltr'>de</span> <span class='ocrx_word' id='word_1_93' title='bbox 1076 789 1224 824; x_wconf 89' lang='lat' dir='ltr'>corpore</span> <span class='ocrx_word' id='word_1_94' title='bbox 1254 777 1358 811; x_wconf 90' lang='lat' dir='ltr'>locu·</span> <span class='ocrx_word' id='word_1_95' title='bbox 1374 775 1554 821; x_wconf 81' lang='lat' dir='ltr'>Bvetusta</span> <span class='ocrx_word' id='word_1_96' title='bbox 1579 789 1596 809; x_wconf 84' lang='lat' dir='ltr'>a</span> <span class='ocrx_word' id='word_1_97' title='bbox 1620 776 1843 822; x_wconf 82' lang='lat' dir='ltr'>presentibus</span> <span class='ocrx_word' id='word_1_98' title='bbox 1865 779 2074 813; x_wconf 73' lang='lat' dir='ltr'>hominibus</span> <span class='ocrx_word' id='word_1_99' title='bbox 2101 780 2265 814; x_wconf 60' lang='lat' dir='ltr'>traetari:</span> <span class='ocrx_word' id='word_1_100' title='bbox 2282 787 2323 812; x_wconf 87' lang='lat' dir='ltr'>ut</span> 
     </span>
    </p>
   </div>
   <div class='ocr_carea' id='block_1_12' title="bbox 441 818 1356 1281">
    <p class='ocr_par' dir='ltr' id='par_1_13' title="bbox 441 818 1356 1281">
     <span class='ocr_line' id='line_1_19' title="bbox 444 818 1354 862; baseline 0.007 -11"><span class='ocrx_word' id='word_1_101' title='bbox 444 819 511 853; x_wconf 76' lang='lat' dir='ltr'>tis,</span> <span class='ocrx_word' id='word_1_102' title='bbox 540 818 816 857; x_wconf 81' lang='lat' dir='ltr'>consentaneum</span> <span class='ocrx_word' id='word_1_103' title='bbox 842 821 882 857; x_wconf 73' lang='lat' dir='ltr'>lit</span> <span class='ocrx_word' id='word_1_104' title='bbox 907 845 918 862; x_wconf 87' lang='lat'>‚</span> <span class='ocrx_word' id='word_1_105' title='bbox 944 825 1055 858; x_wconf 89' lang='lat' dir='ltr'>etiam</span> <span class='ocrx_word' id='word_1_106' title='bbox 1081 822 1122 856; x_wconf 85' lang='lat' dir='ltr'>de</span> <span class='ocrx_word' id='word_1_107' title='bbox 1147 821 1354 858; x_wconf 83' lang='lat' dir='ltr'>accidenta-</span> 
     </span>
     <span class='ocr_line' id='line_1_20' title="bbox 446 862 1356 914; baseline 0.005 -17"><span class='ocrx_word' id='word_1_108' title='bbox 446 862 509 897; x_wconf 67' lang='lat' dir='ltr'>riis</span> <span class='ocrx_word' id='word_1_109' title='bbox 536 865 638 900; x_wconf 73' lang='lat' dir='ltr'>rebus</span> <span class='ocrx_word' id='word_1_110' title='bbox 658 868 881 905; x_wconf 74' lang='lat' dir='ltr'>meminisse,</span> <span class='ocrx_word' id='word_1_111' title='bbox 908 868 1150 904; x_wconf 83' lang='lat' dir='ltr'>acciditenim</span> <span class='ocrx_word' id='word_1_112' title='bbox 1167 868 1256 903; x_wconf 89' lang='lat' dir='ltr'>forte</span> <span class='ocrx_word' id='word_1_113' title='bbox 1267 879 1356 914; x_wconf 89' lang='lat' dir='ltr'>qua-</span> 
     </span>
     <span class='ocr_line' id='line_1_21' title="bbox 444 909 1354 958; baseline 0.004 -15"><span class='ocrx_word' id='word_1_114' title='bbox 444 909 528 946; x_wconf 83' lang='lat' dir='ltr'>dam</span> <span class='ocrx_word' id='word_1_115' title='bbox 547 910 680 958; x_wconf 43' lang='lat' dir='ltr'>Jutlaeos</span> <span class='ocrx_word' id='word_1_116' title='bbox 715 913 896 948; x_wconf 78' lang='lat' dir='ltr'>incoluisse</span> <span class='ocrx_word' id='word_1_117' title='bbox 922 916 1052 949; x_wconf 90' lang='lat' dir='ltr'>Nolam</span> <span class='ocrx_word' id='word_1_118' title='bbox 1079 939 1088 948; x_wconf 85' lang='lat'><strong>.</strong></span> <span class='ocrx_word' id='word_1_119' title='bbox 1122 919 1176 950; x_wconf 79' lang='lat' dir='ltr'>Ex</span> <span class='ocrx_word' id='word_1_120' title='bbox 1201 926 1270 956; x_wconf 87' lang='lat' dir='ltr'>qua</span> <span class='ocrx_word' id='word_1_121' title='bbox 1300 913 1354 949; x_wconf 87' lang='lat' dir='ltr'>fa-</span> 
     </span>
     <span class='ocr_line' id='line_1_22' title="bbox 443 956 1348 1006; baseline 0.001 -14"><span class='ocrx_word' id='word_1_122' title='bbox 443 956 494 992; x_wconf 68' lang='grc' dir='ltr'>ἔὶί</span> <span class='ocrx_word' id='word_1_123' title='bbox 518 959 720 993; x_wconf 75' lang='lat' dir='ltr'>narratione</span> <span class='ocrx_word' id='word_1_124' title='bbox 746 960 814 993; x_wconf 90' lang='lat' dir='ltr'>erit</span> <span class='ocrx_word' id='word_1_125' title='bbox 841 960 1019 1006; x_wconf 87' lang='lat' dir='ltr'>posteritas</span> <span class='ocrx_word' id='word_1_126' title='bbox 1056 961 1173 995; x_wconf 89' lang='lat' dir='ltr'>multo</span> <span class='ocrx_word' id='word_1_127' title='bbox 1211 959 1348 994; x_wconf 69' lang='lat' dir='ltr'>doffior</span> 
     </span>
     <span class='ocr_line' id='line_1_23' title="bbox 444 1005 1352 1052; baseline 0.006 -16"><span class='ocrx_word' id='word_1_128' title='bbox 444 1013 571 1038; x_wconf 77' lang='lat' dir='ltr'>earum</span> <span class='ocrx_word' id='word_1_129' title='bbox 597 1014 714 1037; x_wconf 88' lang='lat' dir='ltr'>rerum</span> <span class='ocrx_word' id='word_1_130' title='bbox 739 1025 751 1042; x_wconf 87' lang='lat'>‚</span> <span class='ocrx_word' id='word_1_131' title='bbox 774 1015 850 1050; x_wconf 86' lang='lat' dir='ltr'>quae</span> <span class='ocrx_word' id='word_1_132' title='bbox 889 1007 1001 1041; x_wconf 82' lang='lat' dir='ltr'>nostra</span> <span class='ocrx_word' id='word_1_133' title='bbox 1040 1006 1243 1052; x_wconf 84' lang='lat' dir='ltr'>tempestate</span> <span class='ocrx_word' id='word_1_134' title='bbox 1270 1005 1352 1041; x_wconf 64' lang='lat' dir='ltr'>aStae</span> 
     </span>
     <span class='ocr_line' id='line_1_24' title="bbox 445 1047 1353 1096; baseline 0.002 -13"><span class='ocrx_word' id='word_1_135' title='bbox 445 1047 528 1084; x_wconf 86' lang='lat' dir='ltr'>sunt</span> <span class='ocrx_word' id='word_1_136' title='bbox 551 1050 588 1083; x_wconf 90' lang='lat' dir='ltr'>in</span> <span class='ocrx_word' id='word_1_137' title='bbox 620 1049 687 1083; x_wconf 77' lang='lat' dir='ltr'>hac</span> <span class='ocrx_word' id='word_1_138' title='bbox 713 1048 800 1083; x_wconf 87' lang='lat' dir='ltr'>urbe</span> <span class='ocrx_word' id='word_1_139' title='bbox 825 1075 835 1085; x_wconf 89' lang='lat'><strong>.</strong></span> <span class='ocrx_word' id='word_1_140' title='bbox 873 1055 980 1086; x_wconf 81' lang='lat' dir='ltr'>Anno</span> <span class='ocrx_word' id='word_1_141' title='bbox 1007 1054 1125 1096; x_wconf 89' lang='lat' dir='ltr'>itaque</span> <span class='ocrx_word' id='word_1_142' title='bbox 1162 1050 1353 1088; x_wconf 86' lang='lat' dir='ltr'>millefimo</span> 
     </span>
     <span class='ocr_line' id='line_1_25' title="bbox 446 1093 1354 1143; baseline 0.003 -15"><span class='ocrx_word' id='word_1_143' title='bbox 446 1093 764 1142; x_wconf 71' lang='lat' dir='ltr'>quater-centesimo</span> <span class='ocrx_word' id='word_1_144' title='bbox 789 1096 1058 1143; x_wconf 76' lang='lat' dir='ltr'>quadragesimo</span> <span class='ocrx_word' id='word_1_145' title='bbox 1082 1099 1119 1131; x_wconf 91' lang='lat' dir='ltr'>in</span> <span class='ocrx_word' id='word_1_146' title='bbox 1150 1098 1236 1132; x_wconf 90' lang='lat' dir='ltr'>urbe</span> <span class='ocrx_word' id='word_1_147' title='bbox 1260 1098 1354 1131; x_wconf 89' lang='lat' dir='ltr'>Nola</span> 
     </span>
     <span class='ocr_line' id='line_1_26' title="bbox 447 1141 1352 1189; baseline 0.003 -14"><span class='ocrx_word' id='word_1_148' title='bbox 447 1141 605 1176; x_wconf 83' lang='lat' dir='ltr'>incolere</span> <span class='ocrx_word' id='word_1_149' title='bbox 630 1150 765 1186; x_wconf 86' lang='lat' dir='ltr'>coepere</span> <span class='ocrx_word' id='word_1_150' title='bbox 786 1141 893 1186; x_wconf 86' lang='lat' dir='ltr'>Judaei</span> <span class='ocrx_word' id='word_1_151' title='bbox 919 1152 1024 1189; x_wconf 87' lang='lat' dir='ltr'>atque</span> <span class='ocrx_word' id='word_1_152' title='bbox 1051 1155 1218 1189; x_wconf 79' lang='lat' dir='ltr'>perquam</span> <span class='ocrx_word' id='word_1_153' title='bbox 1231 1145 1352 1189; x_wconf 78' lang='lat' dir='ltr'>pauci.</span> 
     </span>
     <span class='ocr_line' id='line_1_27' title="bbox 441 1184 1352 1232; baseline 0.005 -15"><span class='ocrx_word' id='word_1_154' title='bbox 441 1187 617 1231; x_wconf 77' lang='lat' dir='ltr'>‚Qorum</span> <span class='ocrx_word' id='word_1_155' title='bbox 643 1184 713 1220; x_wconf 76' lang='lat' dir='ltr'>fuit</span> <span class='ocrx_word' id='word_1_156' title='bbox 743 1187 939 1225; x_wconf 88' lang='lat' dir='ltr'>Vilielmus</span> <span class='ocrx_word' id='word_1_157' title='bbox 964 1189 1150 1232; x_wconf 77' lang='lat' dir='ltr'>chirurgus</span> <span class='ocrx_word' id='word_1_158' title='bbox 1180 1188 1352 1226; x_wconf 86' lang='lat' dir='ltr'>medicus,</span> 
     </span>
     <span class='ocr_line' id='line_1_28' title="bbox 445 1230 1356 1281; baseline 0.001 -16"><span class='ocrx_word' id='word_1_159' title='bbox 445 1232 555 1268; x_wconf 78' lang='lat' dir='ltr'>homo</span> <span class='ocrx_word' id='word_1_160' title='bbox 579 1230 752 1278; x_wconf 87' lang='lat' dir='ltr'>pannosus</span> <span class='ocrx_word' id='word_1_161' title='bbox 778 1244 816 1267; x_wconf 85' lang='lat' dir='ltr'>ac</span> <span class='ocrx_word' id='word_1_162' title='bbox 844 1234 1102 1281; x_wconf 78' lang='lat' dir='ltr'>pauperculus:</span> <span class='ocrx_word' id='word_1_163' title='bbox 1128 1235 1245 1269; x_wconf 88' lang='lat' dir='ltr'>veluti</span> <span class='ocrx_word' id='word_1_164' title='bbox 1261 1230 1356 1267; x_wconf 90' lang='lat' dir='ltr'>senes</span> 
     </span>
    </p>
   </div>
   <div class='ocr_carea' id='block_1_13' title="bbox 1410 822 2325 1279">
    <p class='ocr_par' dir='ltr' id='par_1_14' title="bbox 1410 822 2325 1188">
     <span class='ocr_line' id='line_1_29' title="bbox 1419 822 2324 870; baseline 0.006 -17"><span class='ocrx_word' id='word_1_165' title='bbox 1419 822 1629 856; x_wconf 74' lang='lat' dir='ltr'>caerimoniae</span> <span class='ocrx_word' id='word_1_166' title='bbox 1653 822 1785 859; x_wconf 85' lang='lat' dir='ltr'>divinae</span> <span class='ocrx_word' id='word_1_167' title='bbox 1807 845 1817 861; x_wconf 86' lang='lat'>‚</span> <span class='ocrx_word' id='word_1_168' title='bbox 1857 823 2076 870; x_wconf 81' lang='lat' dir='ltr'>philosophia</span> <span class='ocrx_word' id='word_1_169' title='bbox 2102 846 2114 862; x_wconf 83' lang='lat'><strong>‚</strong></span> <span class='ocrx_word' id='word_1_170' title='bbox 2155 826 2324 862; x_wconf 77' lang='lat' dir='ltr'>militaris</span> 
     </span>
     <span class='ocr_line' id='line_1_30' title="bbox 1413 868 2325 913; baseline 0.004 -14"><span class='ocrx_word' id='word_1_171' title='bbox 1413 877 1488 903; x_wconf 85' lang='lat' dir='ltr'>ars,</span> <span class='ocrx_word' id='word_1_172' title='bbox 1515 868 1734 910; x_wconf 73' lang='lat' dir='ltr'>agricultura</span> <span class='ocrx_word' id='word_1_173' title='bbox 1750 878 1853 913; x_wconf 88' lang='lat' dir='ltr'>atque</span> <span class='ocrx_word' id='word_1_174' title='bbox 1868 879 2088 908; x_wconf 82' lang='lat' dir='ltr'>mercatura,</span> <span class='ocrx_word' id='word_1_175' title='bbox 2114 871 2206 905; x_wconf 83' lang='lat' dir='ltr'>hanc</span> <span class='ocrx_word' id='word_1_176' title='bbox 2222 880 2325 912; x_wconf 67' lang='lat' dir='ltr'>mpe-</span> 
     </span>
     <span class='ocr_line' id='line_1_31' title="bbox 1413 911 2324 962; baseline 0.001 -17"><span class='ocrx_word' id='word_1_177' title='bbox 1413 911 1589 945; x_wconf 88' lang='lat' dir='ltr'>culiarem</span> <span class='ocrx_word' id='word_1_178' title='bbox 1614 913 1763 946; x_wconf 83' lang='lat' dir='ltr'>Nolanis</span> <span class='ocrx_word' id='word_1_179' title='bbox 1790 914 1992 962; x_wconf 74' lang='lat' dir='ltr'>effetatque</span> <span class='ocrx_word' id='word_1_180' title='bbox 2015 926 2227 959; x_wconf 67' lang='lat' dir='ltr'>magnopere</span> <span class='ocrx_word' id='word_1_181' title='bbox 2246 913 2324 948; x_wconf 79' lang='lat' dir='ltr'>cul-</span> 
     </span>
     <span class='ocr_line' id='line_1_32' title="bbox 1412 956 2324 1007; baseline 0.003 -17"><span class='ocrx_word' id='word_1_182' title='bbox 1412 966 1486 991; x_wconf 86' lang='lat' dir='ltr'>tam</span> <span class='ocrx_word' id='word_1_183' title='bbox 1511 956 1708 991; x_wconf 74' lang='lat' dir='ltr'>multitudo</span> <span class='ocrx_word' id='word_1_184' title='bbox 1720 970 1841 993; x_wconf 89' lang='lat' dir='ltr'>eorum</span> <span class='ocrx_word' id='word_1_185' title='bbox 1855 963 1993 996; x_wconf 78' lang='lat' dir='ltr'>civium</span> <span class='ocrx_word' id='word_1_186' title='bbox 2009 984 2020 1000; x_wconf 88' lang='lat'>‚</span> <span class='ocrx_word' id='word_1_187' title='bbox 2046 963 2107 1007; x_wconf 86' lang='lat' dir='ltr'>qui</span> <span class='ocrx_word' id='word_1_188' title='bbox 2133 958 2214 994; x_wconf 90' lang='lat' dir='ltr'>solis</span> <span class='ocrx_word' id='word_1_189' title='bbox 2229 972 2324 994; x_wconf 89' lang='lat' dir='ltr'>mer-</span> 
     </span>
     <span class='ocr_line' id='line_1_33' title="bbox 1410 1002 2324 1055; baseline 0.002 -19"><span class='ocrx_word' id='word_1_190' title='bbox 1410 1012 1540 1041; x_wconf 81' lang='lat' dir='ltr'>caturae</span> <span class='ocrx_word' id='word_1_191' title='bbox 1560 1002 1769 1038; x_wconf 85' lang='lat' dir='ltr'>muneribus</span> <span class='ocrx_word' id='word_1_192' title='bbox 1785 1002 1815 1038; x_wconf 91' lang='lat' dir='ltr'>se</span> <span class='ocrx_word' id='word_1_193' title='bbox 1838 1005 2053 1055; x_wconf 88' lang='lat' dir='ltr'>domumque</span> <span class='ocrx_word' id='word_1_194' title='bbox 2074 1007 2231 1053; x_wconf 77' lang='lat' dir='ltr'>egregios</span> <span class='ocrx_word' id='word_1_195' title='bbox 2246 1005 2324 1039; x_wconf 85' lang='lat' dir='ltr'>red-</span> 
     </span>
     <span class='ocr_line' id='line_1_34' title="bbox 1411 1048 2323 1098; baseline 0.004 -16"><span class='ocrx_word' id='word_1_196' title='bbox 1411 1048 1592 1087; x_wconf 86' lang='lat' dir='ltr'>diderunt,</span> <span class='ocrx_word' id='word_1_197' title='bbox 1609 1048 1824 1094; x_wconf 73' lang='lat' dir='ltr'>apertissime</span> <span class='ocrx_word' id='word_1_198' title='bbox 1840 1051 1996 1092; x_wconf 77' lang='lat' dir='ltr'>testatur,</span> <span class='ocrx_word' id='word_1_199' title='bbox 2008 1063 2214 1098; x_wconf 81' lang='lat' dir='ltr'>quanquam</span> <span class='ocrx_word' id='word_1_200' title='bbox 2231 1063 2323 1086; x_wconf 87' lang='lat' dir='ltr'>mer-</span> 
     </span>
     <span class='ocr_line' id='line_1_35' title="bbox 1411 1093 2321 1144; baseline 0.003 -16"><span class='ocrx_word' id='word_1_201' title='bbox 1411 1104 1534 1128; x_wconf 87' lang='lat' dir='ltr'>catura</span> <span class='ocrx_word' id='word_1_202' title='bbox 1549 1095 1654 1138; x_wconf 77' lang='lat' dir='ltr'>longe</span> <span class='ocrx_word' id='word_1_203' title='bbox 1669 1095 1778 1135; x_wconf 84' lang='lat' dir='ltr'>major</span> <span class='ocrx_word' id='word_1_204' title='bbox 1799 1093 1977 1143; x_wconf 89' lang='lat' dir='ltr'>ditiorque</span> <span class='ocrx_word' id='word_1_205' title='bbox 1992 1099 2047 1142; x_wconf 77' lang='lat' dir='ltr'>agi</span> <span class='ocrx_word' id='word_1_206' title='bbox 2065 1099 2190 1142; x_wconf 76' lang='lat' dir='ltr'>posset,</span> <span class='ocrx_word' id='word_1_207' title='bbox 2209 1108 2321 1144; x_wconf 88' lang='lat' dir='ltr'>quam.</span> 
     </span>
     <span class='ocr_line' id='line_1_36' title="bbox 1413 1137 2324 1188; baseline 0.004 -15"><span class='ocrx_word' id='word_1_208' title='bbox 1413 1143 1531 1186; x_wconf 74' lang='lat' dir='ltr'>agitur</span> <span class='ocrx_word' id='word_1_209' title='bbox 1556 1137 1574 1174; x_wconf 73' lang='lat' dir='ltr'>a</span> <span class='ocrx_word' id='word_1_210' title='bbox 1598 1140 1748 1175; x_wconf 81' lang='lat' dir='ltr'>Nolanis</span> <span class='ocrx_word' id='word_1_211' title='bbox 1777 1154 1788 1182; x_wconf 76' lang='lat'>3</span> <span class='ocrx_word' id='word_1_212' title='bbox 1813 1146 1961 1177; x_wconf 82' lang='lat' dir='ltr'>materia</span> <span class='ocrx_word' id='word_1_213' title='bbox 1988 1146 2087 1177; x_wconf 89' lang='lat' dir='ltr'>enim</span> <span class='ocrx_word' id='word_1_214' title='bbox 2114 1153 2241 1188; x_wconf 73' lang='lat' dir='ltr'>magna</span> <span class='ocrx_word' id='word_1_215' title='bbox 2268 1151 2324 1177; x_wconf 84' lang='lat' dir='ltr'>at-</span> 
     </span>
    </p>

    <p class='ocr_par' dir='ltr' id='par_1_15' title="bbox 1413 1184 2325 1279">
     <span class='ocr_line' id='line_1_37' title="bbox 1440 1184 2325 1226; baseline 0.001 -6"><span class='ocrx_word' id='word_1_216' title='bbox 1440 1198 1482 1220; x_wconf 91' lang='lat' dir='ltr'>ue</span> <span class='ocrx_word' id='word_1_217' title='bbox 1512 1187 1572 1220; x_wconf 83' lang='lat' dir='ltr'>via</span> <span class='ocrx_word' id='word_1_218' title='bbox 1598 1184 1758 1220; x_wconf 83' lang='lat' dir='ltr'>facilima</span> <span class='ocrx_word' id='word_1_219' title='bbox 1786 1187 1866 1221; x_wconf 77' lang='lat' dir='ltr'>data</span> <span class='ocrx_word' id='word_1_220' title='bbox 1891 1191 1940 1223; x_wconf 84' lang='lat' dir='ltr'>eis</span> <span class='ocrx_word' id='word_1_221' title='bbox 1968 1189 2011 1222; x_wconf 84' lang='lat' dir='ltr'>est</span> <span class='ocrx_word' id='word_1_222' title='bbox 2029 1190 2113 1226; x_wconf 83' lang='lat' dir='ltr'>‚via</span> <span class='ocrx_word' id='word_1_223' title='bbox 2138 1185 2325 1223; x_wconf 87' lang='lat' dir='ltr'>n.brevis-</span> 
     </span>
     <span class='ocr_line' id='line_1_38' title="bbox 1413 1197 2323 1279; baseline 0.001 -14"><span class='ocrx_word' id='word_1_224' title='bbox 1413 1197 1498 1266; x_wconf 52' lang='lat' dir='ltr'>gina</span> <span class='ocrx_word' id='word_1_225' title='bbox 1532 1229 1774 1279; x_wconf 86' lang='lat' dir='ltr'>facillimaque</span> <span class='ocrx_word' id='word_1_226' title='bbox 1802 1239 1899 1279; x_wconf 86' lang='lat' dir='ltr'>patet</span> <span class='ocrx_word' id='word_1_227' title='bbox 1913 1235 1956 1270; x_wconf 78' lang='lat' dir='ltr'>ab</span> <span class='ocrx_word' id='word_1_228' title='bbox 1980 1232 2065 1267; x_wconf 85' lang='lat' dir='ltr'>urbe</span> <span class='ocrx_word' id='word_1_229' title='bbox 2092 1233 2133 1268; x_wconf 86' lang='lat' dir='ltr'>ad</span> <span class='ocrx_word' id='word_1_230' title='bbox 2162 1232 2323 1270; x_wconf 75' lang='lat' dir='ltr'>stabias.</span> 
     </span>
    </p>
   </div>
   <div class='ocr_carea' id='block_1_14' title="bbox 445 1275 2324 1380">
    <p class='ocr_par' dir='ltr' id='par_1_16' title="bbox 445 1275 2324 1380">
     <span class='ocr_line' id='line_1_39' title="bbox 445 1275 2323 1324; baseline 0.002 -14"><span class='ocrx_word' id='word_1_231' title='bbox 445 1276 555 1312; x_wconf 68' lang='lat' dir='ltr'>nostri</span> <span class='ocrx_word' id='word_1_232' title='bbox 579 1275 728 1311; x_wconf 84' lang='lat' dir='ltr'>retulere</span> <span class='ocrx_word' id='word_1_233' title='bbox 757 1289 768 1317; x_wconf 79' lang='lat'>3</span> <span class='ocrx_word' id='word_1_234' title='bbox 793 1282 822 1314; x_wconf 83' lang='lat' dir='ltr'>is</span> <span class='ocrx_word' id='word_1_235' title='bbox 849 1280 911 1315; x_wconf 89' lang='lat' dir='ltr'>ubi</span> <span class='ocrx_word' id='word_1_236' title='bbox 943 1280 1072 1314; x_wconf 89' lang='lat' dir='ltr'>Nolam</span> <span class='ocrx_word' id='word_1_237' title='bbox 1095 1280 1263 1324; x_wconf 75' lang='lat' dir='ltr'>ingressus</span> <span class='ocrx_word' id='word_1_238' title='bbox 1291 1278 1401 1319; x_wconf 80' lang='lat' dir='ltr'>est‚C</span> <span class='ocrx_word' id='word_1_239' title='bbox 1414 1275 1546 1311; x_wconf 86' lang='lat' dir='ltr'>Stabiis</span> <span class='ocrx_word' id='word_1_240' title='bbox 1574 1289 1657 1311; x_wconf 90' lang='lat' dir='ltr'>vero</span> <span class='ocrx_word' id='word_1_241' title='bbox 1682 1290 1769 1313; x_wconf 82' lang='lat' dir='ltr'>nave</span> <span class='ocrx_word' id='word_1_242' title='bbox 1795 1280 1890 1312; x_wconf 82' lang='lat' dir='ltr'>exire</span> <span class='ocrx_word' id='word_1_243' title='bbox 1921 1282 2003 1316; x_wconf 87' lang='lat' dir='ltr'>licet</span> <span class='ocrx_word' id='word_1_244' title='bbox 2031 1277 2070 1313; x_wconf 87' lang='lat' dir='ltr'>ad</span> <span class='ocrx_word' id='word_1_245' title='bbox 2094 1290 2214 1314; x_wconf 83' lang='lat' dir='ltr'>omnes</span> <span class='ocrx_word' id='word_1_246' title='bbox 2228 1278 2323 1314; x_wconf 86' lang='lat' dir='ltr'>orbis</span> 
     </span>
     <span class='ocr_line' id='line_1_40' title="bbox 447 1320 2324 1380; baseline 0.002 -23"><span class='ocrx_word' id='word_1_247' title='bbox 447 1320 578 1358; x_wconf 79' lang='lat' dir='ltr'>urbem</span> <span class='ocrx_word' id='word_1_248' title='bbox 601 1322 718 1356; x_wconf 84' lang='lat' dir='ltr'>statim</span> <span class='ocrx_word' id='word_1_249' title='bbox 733 1331 849 1361; x_wconf 82' lang='lat' dir='ltr'>totam.</span> <span class='ocrx_word' id='word_1_250' title='bbox 867 1327 1067 1361; x_wconf 86' lang='lat' dir='ltr'>commovit</span> <span class='ocrx_word' id='word_1_251' title='bbox 1096 1327 1258 1360; x_wconf 83' lang='lat' dir='ltr'>novitate</span> <span class='ocrx_word' id='word_1_252' title='bbox 1273 1337 1359 1370; x_wconf 83' lang='lat' dir='ltr'>prae-</span> <span class='ocrx_word' id='word_1_253' title='bbox 1414 1331 1554 1366; x_wconf 74' lang='lat' dir='ltr'>partes,</span> <span class='ocrx_word' id='word_1_254' title='bbox 1581 1321 1774 1368; x_wconf 82' lang='lat' dir='ltr'>praesertim</span> <span class='ocrx_word' id='word_1_255' title='bbox 1800 1326 1836 1357; x_wconf 88' lang='lat' dir='ltr'>in</span> <span class='ocrx_word' id='word_1_256' title='bbox 1848 1327 2028 1380; x_wconf 63' lang='lat' dir='ltr'>Egyptias</span> <span class='ocrx_word' id='word_1_257' title='bbox 2050 1323 2324 1361; x_wconf 68' lang='lat' dir='ltr'>Alexandrinas-‹-</span> 
     </span>
    </p>
   </div>
   <div class='ocr_carea' id='block_1_15' title="bbox 446 1366 1364 2779">
    <p class='ocr_par' dir='ltr' id='par_1_17' title="bbox 446 1366 1364 2779">
     <span class='ocr_line' id='line_1_41' title="bbox 446 1366 1356 1417; baseline 0.004 -15"><span class='ocrx_word' id='word_1_258' title='bbox 446 1368 570 1404; x_wconf 81' lang='lat' dir='ltr'>sentiae</span> <span class='ocrx_word' id='word_1_259' title='bbox 591 1366 775 1414; x_wconf 78' lang='lat' dir='ltr'>Judaicae;</span> <span class='ocrx_word' id='word_1_260' title='bbox 811 1369 918 1417; x_wconf 90' lang='lat' dir='ltr'>usque</span> <span class='ocrx_word' id='word_1_261' title='bbox 947 1369 1031 1405; x_wconf 86' lang='lat' dir='ltr'>adeo</span> <span class='ocrx_word' id='word_1_262' title='bbox 1055 1393 1066 1410; x_wconf 87' lang='lat'>‚</span> <span class='ocrx_word' id='word_1_263' title='bbox 1104 1380 1146 1406; x_wconf 82' lang='lat' dir='ltr'>ut</span> <span class='ocrx_word' id='word_1_264' title='bbox 1175 1370 1356 1416; x_wconf 82' lang='lat' dir='ltr'>postquam</span> 
     </span>
     <span class='ocr_line' id='line_1_42' title="bbox 448 1412 1356 1461; baseline 0.004 -13"><span class='ocrx_word' id='word_1_265' title='bbox 448 1413 617 1449; x_wconf 78' lang='lat' dir='ltr'>auditum</span> <span class='ocrx_word' id='word_1_266' title='bbox 638 1412 755 1448; x_wconf 82' lang='lat' dir='ltr'>fuiffet</span> <span class='ocrx_word' id='word_1_267' title='bbox 780 1417 980 1451; x_wconf 78' lang='lat' dir='ltr'>adventasse</span> <span class='ocrx_word' id='word_1_268' title='bbox 1002 1416 1159 1461; x_wconf 67' lang='lat' dir='ltr'>judaeum</span> <span class='ocrx_word' id='word_1_269' title='bbox 1187 1438 1197 1455; x_wconf 90' lang='lat'>‚</span> <span class='ocrx_word' id='word_1_270' title='bbox 1221 1424 1356 1452; x_wconf 82' lang='lat' dir='ltr'>turma-</span> 
     </span>
     <span class='ocr_line' id='line_1_43' title="bbox 450 1459 1357 1503; baseline -0.002 -7"><span class='ocrx_word' id='word_1_271' title='bbox 450 1462 520 1496; x_wconf 81' lang='lat' dir='ltr'>tim</span> <span class='ocrx_word' id='word_1_272' title='bbox 543 1459 674 1494; x_wconf 89' lang='lat' dir='ltr'>Nolani</span> <span class='ocrx_word' id='word_1_273' title='bbox 694 1470 753 1503; x_wconf 89' lang='lat' dir='ltr'>per</span> <span class='ocrx_word' id='word_1_274' title='bbox 778 1460 902 1496; x_wconf 86' lang='lat' dir='ltr'>urbem</span> <span class='ocrx_word' id='word_1_275' title='bbox 929 1473 1026 1495; x_wconf 90' lang='lat' dir='ltr'>ruere</span> <span class='ocrx_word' id='word_1_276' title='bbox 1051 1483 1063 1500; x_wconf 93' lang='lat'>‚</span> <span class='ocrx_word' id='word_1_277' title='bbox 1090 1470 1130 1495; x_wconf 89' lang='lat' dir='ltr'>ut</span> <span class='ocrx_word' id='word_1_278' title='bbox 1156 1463 1262 1495; x_wconf 90' lang='lat' dir='ltr'>illum</span> <span class='ocrx_word' id='word_1_279' title='bbox 1279 1471 1357 1495; x_wconf 88' lang='lat' dir='ltr'>tue-</span> 
     </span>
     <span class='ocr_line' id='line_1_44' title="bbox 449 1504 1358 1550; baseline 0.003 -12"><span class='ocrx_word' id='word_1_280' title='bbox 449 1513 577 1541; x_wconf 65' lang='lat' dir='ltr'>rentur</span> <span class='ocrx_word' id='word_1_281' title='bbox 605 1516 615 1538; x_wconf 87' lang='grc'>;</span> <span class='ocrx_word' id='word_1_282' title='bbox 654 1511 824 1549; x_wconf 81' lang='lat' dir='ltr'>tanquam</span> <span class='ocrx_word' id='word_1_283' title='bbox 851 1504 1035 1550; x_wconf 71' lang='lat' dir='ltr'>sperassent</span> <span class='ocrx_word' id='word_1_284' title='bbox 1061 1519 1175 1541; x_wconf 85' lang='lat' dir='ltr'>unum</span> <span class='ocrx_word' id='word_1_285' title='bbox 1215 1518 1257 1541; x_wconf 83' lang='lat' dir='ltr'>ex</span> <span class='ocrx_word' id='word_1_286' title='bbox 1287 1507 1358 1541; x_wconf 91' lang='lat' dir='ltr'>illis</span> 
     </span>
     <span class='ocr_line' id='line_1_45' title="bbox 451 1550 1358 1595; baseline 0.003 -11"><span class='ocrx_word' id='word_1_287' title='bbox 451 1561 595 1584; x_wconf 86' lang='lat' dir='ltr'>cernere</span> <span class='ocrx_word' id='word_1_288' title='bbox 610 1570 622 1588; x_wconf 83' lang='lat'><strong>‚</strong></span> <span class='ocrx_word' id='word_1_289' title='bbox 644 1550 706 1595; x_wconf 85' lang='lat' dir='ltr'>qui</span> <span class='ocrx_word' id='word_1_290' title='bbox 727 1552 928 1587; x_wconf 88' lang='lat' dir='ltr'>Dominum</span> <span class='ocrx_word' id='word_1_291' title='bbox 944 1552 1091 1593; x_wconf 76' lang='lat' dir='ltr'>JESUM</span> <span class='ocrx_word' id='word_1_292' title='bbox 1113 1554 1209 1587; x_wconf 87' lang='lat' dir='ltr'>cruci</span> <span class='ocrx_word' id='word_1_293' title='bbox 1237 1550 1358 1587; x_wconf 79' lang='lat' dir='ltr'>affixe-</span> 
     </span>
     <span class='ocr_line' id='line_1_46' title="bbox 446 1595 1357 1644; baseline 0.004 -16"><span class='ocrx_word' id='word_1_294' title='bbox 446 1606 514 1635; x_wconf 74' lang='lat' dir='ltr'>xe3</span> <span class='ocrx_word' id='word_1_295' title='bbox 541 1595 595 1628; x_wconf 87' lang='lat' dir='ltr'>illi</span> <span class='ocrx_word' id='word_1_296' title='bbox 623 1605 705 1629; x_wconf 88' lang='lat' dir='ltr'>vero</span> <span class='ocrx_word' id='word_1_297' title='bbox 731 1597 913 1632; x_wconf 65' lang='lat' dir='ltr'>condueiis</span> <span class='ocrx_word' id='word_1_298' title='bbox 939 1596 1069 1632; x_wconf 69' lang='lat' dir='ltr'>aedibus</span> <span class='ocrx_word' id='word_1_299' title='bbox 1094 1608 1228 1644; x_wconf 89' lang='lat' dir='ltr'>coepere</span> <span class='ocrx_word' id='word_1_300' title='bbox 1256 1599 1357 1632; x_wconf 90' lang='lat' dir='ltr'>vive-</span> 
     </span>
     <span class='ocr_line' id='line_1_47' title="bbox 450 1640 1353 1689; baseline 0.002 -13"><span class='ocrx_word' id='word_1_301' title='bbox 450 1653 489 1677; x_wconf 83' lang='lat' dir='ltr'>xe</span> <span class='ocrx_word' id='word_1_302' title='bbox 514 1643 631 1674; x_wconf 85' lang='lat' dir='ltr'>civem</span> <span class='ocrx_word' id='word_1_303' title='bbox 658 1640 839 1677; x_wconf 87' lang='lat' dir='ltr'>Nolanum</span> <span class='ocrx_word' id='word_1_304' title='bbox 864 1655 873 1677; x_wconf 87' lang='lat'>:</span> <span class='ocrx_word' id='word_1_305' title='bbox 897 1654 1009 1689; x_wconf 90' lang='lat' dir='ltr'>quum</span> <span class='ocrx_word' id='word_1_306' title='bbox 1048 1644 1116 1678; x_wconf 84' lang='lat' dir='ltr'>alia</span> <span class='ocrx_word' id='word_1_307' title='bbox 1141 1645 1283 1679; x_wconf 88' lang='lat' dir='ltr'>nullum</span> <span class='ocrx_word' id='word_1_308' title='bbox 1315 1646 1353 1678; x_wconf 87' lang='lat' dir='ltr'>in</span> 
     </span>
     <span class='ocr_line' id='line_1_48' title="bbox 447 1683 1354 1734; baseline 0.006 -14"><span class='ocrx_word' id='word_1_309' title='bbox 447 1685 538 1721; x_wconf 80' lang='lat' dir='ltr'>urbe</span> <span class='ocrx_word' id='word_1_310' title='bbox 556 1683 715 1732; x_wconf 77' lang='lat' dir='ltr'>Judaeum</span> <span class='ocrx_word' id='word_1_311' title='bbox 737 1687 945 1725; x_wconf 80' lang='lat' dir='ltr'>habitavisse</span> <span class='ocrx_word' id='word_1_312' title='bbox 960 1688 1121 1725; x_wconf 84' lang='lat' dir='ltr'>auditum</span> <span class='ocrx_word' id='word_1_313' title='bbox 1142 1692 1354 1734; x_wconf 69' lang='lat' dir='ltr'>cognitum-</span> 
     </span>
     <span class='ocr_line' id='line_1_49' title="bbox 449 1729 1356 1771; baseline 0.002 -4"><span class='ocrx_word' id='word_1_314' title='bbox 449 1744 493 1767; x_wconf 89' lang='lat' dir='ltr'>ve</span> <span class='ocrx_word' id='word_1_315' title='bbox 513 1731 555 1766; x_wconf 79' lang='lat' dir='ltr'>sit</span> <span class='ocrx_word' id='word_1_316' title='bbox 580 1729 598 1764; x_wconf 73' lang='lat' dir='ltr'>a</span> <span class='ocrx_word' id='word_1_317' title='bbox 625 1731 820 1767; x_wconf 85' lang='lat' dir='ltr'>senioribus</span> <span class='ocrx_word' id='word_1_318' title='bbox 846 1734 970 1769; x_wconf 86' lang='lat' dir='ltr'>nostris</span> <span class='ocrx_word' id='word_1_319' title='bbox 987 1760 997 1769; x_wconf 62' lang='lat'>0</span> <span class='ocrx_word' id='word_1_320' title='bbox 1024 1735 1163 1770; x_wconf 83' lang='lat' dir='ltr'>Deinde</span> <span class='ocrx_word' id='word_1_321' title='bbox 1189 1733 1278 1770; x_wconf 87' lang='lat' dir='ltr'>hisce</span> <span class='ocrx_word' id='word_1_322' title='bbox 1295 1749 1356 1771; x_wconf 87' lang='lat' dir='ltr'>ve-</span> 
     </span>
     <span class='ocr_line' id='line_1_50' title="bbox 446 1777 1354 1825; baseline 0.003 -12"><span class='ocrx_word' id='word_1_323' title='bbox 446 1778 518 1813; x_wconf 78' lang='lat' dir='ltr'>luti</span> <span class='ocrx_word' id='word_1_324' title='bbox 550 1778 701 1811; x_wconf 77' lang='lat' dir='ltr'>initium</span> <span class='ocrx_word' id='word_1_325' title='bbox 724 1777 934 1825; x_wconf 82' lang='lat' dir='ltr'>aditumque</span> <span class='ocrx_word' id='word_1_326' title='bbox 960 1779 1178 1815; x_wconf 77' lang='lat' dir='ltr'>facientibus</span> <span class='ocrx_word' id='word_1_327' title='bbox 1206 1782 1354 1816; x_wconf 87' lang='lat' dir='ltr'>advene-</span> 
     </span>
     <span class='ocr_line' id='line_1_51' title="bbox 448 1821 1354 1872; baseline 0.003 -14"><span class='ocrx_word' id='word_1_328' title='bbox 448 1837 487 1861; x_wconf 78' lang='lat' dir='ltr'>xe</span> <span class='ocrx_word' id='word_1_329' title='bbox 516 1821 690 1868; x_wconf 85' lang='lat' dir='ltr'>paulatim</span> <span class='ocrx_word' id='word_1_330' title='bbox 705 1823 794 1863; x_wconf 86' lang='lat' dir='ltr'>alii,</span> <span class='ocrx_word' id='word_1_331' title='bbox 811 1832 934 1872; x_wconf 87' lang='lat' dir='ltr'>totque</span> <span class='ocrx_word' id='word_1_332' title='bbox 948 1846 961 1864; x_wconf 82' lang='lat'><strong>‚</strong></span> <span class='ocrx_word' id='word_1_333' title='bbox 988 1834 1028 1860; x_wconf 90' lang='lat' dir='ltr'>ut</span> <span class='ocrx_word' id='word_1_334' title='bbox 1053 1826 1092 1859; x_wconf 88' lang='lat' dir='ltr'>ad</span> <span class='ocrx_word' id='word_1_335' title='bbox 1111 1828 1245 1871; x_wconf 80' lang='lat' dir='ltr'>viginti</span> <span class='ocrx_word' id='word_1_336' title='bbox 1269 1826 1354 1861; x_wconf 84' lang='lat' dir='ltr'>aedes</span> 
     </span>
     <span class='ocr_line' id='line_1_52' title="bbox 451 1867 1356 1917; baseline 0.003 -14"><span class='ocrx_word' id='word_1_337' title='bbox 451 1867 703 1903; x_wconf 77' lang='lat' dir='ltr'>conduxiflent</span> <span class='ocrx_word' id='word_1_338' title='bbox 718 1893 727 1904; x_wconf 87' lang='lat'><strong>.</strong></span> <span class='ocrx_word' id='word_1_339' title='bbox 758 1871 888 1905; x_wconf 78' lang='lat' dir='ltr'>Priores</span> <span class='ocrx_word' id='word_1_340' title='bbox 911 1882 997 1905; x_wconf 88' lang='lat' dir='ltr'>vero</span> <span class='ocrx_word' id='word_1_341' title='bbox 1022 1882 1151 1917; x_wconf 75' lang='lat' dir='ltr'>paucos</span> <span class='ocrx_word' id='word_1_342' title='bbox 1171 1884 1281 1906; x_wconf 87' lang='lat' dir='ltr'>annos</span> <span class='ocrx_word' id='word_1_343' title='bbox 1299 1872 1356 1906; x_wconf 87' lang='lat' dir='ltr'>di-</span> 
     </span>
     <span class='ocr_line' id='line_1_53' title="bbox 450 1909 1357 1962; baseline 0.004 -14"><span class='ocrx_word' id='word_1_344' title='bbox 450 1912 578 1949; x_wconf 80' lang='lat' dir='ltr'>tiffimi</span> <span class='ocrx_word' id='word_1_345' title='bbox 603 1909 738 1948; x_wconf 85' lang='lat' dir='ltr'>evasere</span> <span class='ocrx_word' id='word_1_346' title='bbox 758 1911 891 1951; x_wconf 73' lang='lat' dir='ltr'>soenore</span> <span class='ocrx_word' id='word_1_347' title='bbox 914 1915 1099 1955; x_wconf 78' lang='lat' dir='ltr'>faciendo,</span> <span class='ocrx_word' id='word_1_348' title='bbox 1125 1929 1279 1962; x_wconf 86' lang='lat' dir='ltr'>namque</span> <span class='ocrx_word' id='word_1_349' title='bbox 1295 1931 1357 1952; x_wconf 85' lang='lat' dir='ltr'>ve-</span> 
     </span>
     <span class='ocr_line' id='line_1_54' title="bbox 451 1959 1359 2004; baseline 0.006 -12"><span class='ocrx_word' id='word_1_350' title='bbox 451 1959 515 1995; x_wconf 75' lang='lat' dir='ltr'>stes</span> <span class='ocrx_word' id='word_1_351' title='bbox 538 1959 655 1991; x_wconf 86' lang='lat' dir='ltr'>omnis</span> <span class='ocrx_word' id='word_1_352' title='bbox 681 1963 840 2002; x_wconf 67' lang='lat' dir='ltr'>generis,</span> <span class='ocrx_word' id='word_1_353' title='bbox 866 1960 943 1996; x_wconf 72' lang='lat' dir='ltr'>vasa</span> <span class='ocrx_word' id='word_1_354' title='bbox 965 1973 1057 1996; x_wconf 72' lang='lat' dir='ltr'>aenea</span> <span class='ocrx_word' id='word_1_355' title='bbox 1073 1984 1084 2000; x_wconf 82' lang='lat'>,</span> <span class='ocrx_word' id='word_1_356' title='bbox 1110 1962 1247 1996; x_wconf 78' lang='lat' dir='ltr'>stannea</span> <span class='ocrx_word' id='word_1_357' title='bbox 1267 1984 1279 2004; x_wconf 64' lang='grc' dir='ltr'>ι,</span> <span class='ocrx_word' id='word_1_358' title='bbox 1305 1975 1359 1997; x_wconf 88' lang='lat' dir='ltr'>ar-</span> 
     </span>
     <span class='ocr_line' id='line_1_55' title="bbox 453 2005 1358 2052; baseline 0.004 -15"><span class='ocrx_word' id='word_1_359' title='bbox 453 2012 582 2037; x_wconf 81' lang='lat' dir='ltr'>oentea</span> <span class='ocrx_word' id='word_1_360' title='bbox 599 2025 610 2041; x_wconf 86' lang='lat'>‚</span> <span class='ocrx_word' id='word_1_361' title='bbox 630 2005 779 2044; x_wconf 69' lang='lat' dir='ltr'>annulos</span> <span class='ocrx_word' id='word_1_362' title='bbox 793 2028 803 2045; x_wconf 85' lang='lat'>,</span> <span class='ocrx_word' id='word_1_363' title='bbox 825 2019 979 2051; x_wconf 69' lang='lat' dir='ltr'>gemmas</span> <span class='ocrx_word' id='word_1_364' title='bbox 993 2028 1003 2045; x_wconf 79' lang='grc'><em>,</em></span> <span class='ocrx_word' id='word_1_365' title='bbox 1017 2010 1358 2052; x_wconf 71' lang='lat' dir='ltr'>caeteraqueprecio-</span> 
     </span>
     <span class='ocr_line' id='line_1_56' title="bbox 451 2037 1356 2096; baseline 0.004 -12"><span class='ocrx_word' id='word_1_366' title='bbox 451 2037 724 2094; x_wconf 73' lang='lat' dir='ltr'>saquaecunque</span> <span class='ocrx_word' id='word_1_367' title='bbox 762 2051 952 2096; x_wconf 70' lang='lat' dir='ltr'>potuissent</span> <span class='ocrx_word' id='word_1_368' title='bbox 990 2054 1146 2096; x_wconf 82' lang='lat' dir='ltr'>accipere</span> <span class='ocrx_word' id='word_1_369' title='bbox 1183 2055 1221 2086; x_wconf 88' lang='lat' dir='ltr'>in</span> <span class='ocrx_word' id='word_1_370' title='bbox 1249 2051 1356 2088; x_wconf 82' lang='lat' dir='ltr'>fidem</span> 
     </span>
     <span class='ocr_line' id='line_1_57' title="bbox 451 2096 1358 2141; baseline 0.008 -17"><span class='ocrx_word' id='word_1_371' title='bbox 451 2098 484 2130; x_wconf 64' lang='grc' dir='ltr'>ει</span> <span class='ocrx_word' id='word_1_372' title='bbox 512 2097 660 2138; x_wconf 79' lang='lat' dir='ltr'>pignora</span> <span class='ocrx_word' id='word_1_373' title='bbox 684 2098 864 2141; x_wconf 82' lang='lat' dir='ltr'>capientes</span> <span class='ocrx_word' id='word_1_374' title='bbox 892 2096 1265 2136; x_wconf 80' lang='lat' dir='ltr'>foenerabant3foenus</span> <span class='ocrx_word' id='word_1_375' title='bbox 1292 2110 1358 2131; x_wconf 91' lang='lat' dir='ltr'>au-</span> 
     </span>
     <span class='ocr_line' id='line_1_58' title="bbox 452 2141 1357 2188; baseline 0.003 -15"><span class='ocrx_word' id='word_1_376' title='bbox 452 2148 527 2174; x_wconf 83' lang='lat' dir='ltr'>tem</span> <span class='ocrx_word' id='word_1_377' title='bbox 554 2147 628 2171; x_wconf 83' lang='lat' dir='ltr'>erat</span> <span class='ocrx_word' id='word_1_378' title='bbox 654 2141 869 2177; x_wconf 69' lang='lat' dir='ltr'>menstmum</span> <span class='ocrx_word' id='word_1_379' title='bbox 902 2155 910 2175; x_wconf 70' lang='grc' dir='ltr'><strong>ε</strong></span> <span class='ocrx_word' id='word_1_380' title='bbox 944 2142 1041 2177; x_wconf 85' lang='lat' dir='ltr'>velut</span> <span class='ocrx_word' id='word_1_381' title='bbox 1079 2154 1142 2188; x_wconf 89' lang='lat' dir='ltr'>pro</span> <span class='ocrx_word' id='word_1_382' title='bbox 1178 2141 1357 2186; x_wconf 77' lang='lat' dir='ltr'>sexagenis</span> 
     </span>
     <span class='ocr_line' id='line_1_59' title="bbox 453 2185 1357 2230; baseline 0.002 -10"><span class='ocrx_word' id='word_1_383' title='bbox 453 2185 633 2220; x_wconf 82' lang='lat' dir='ltr'>mutuatis</span> <span class='ocrx_word' id='word_1_384' title='bbox 658 2189 818 2221; x_wconf 89' lang='lat' dir='ltr'>nummis</span> <span class='ocrx_word' id='word_1_385' title='bbox 845 2187 999 2230; x_wconf 72' lang='lat' dir='ltr'>smqulos</span> <span class='ocrx_word' id='word_1_386' title='bbox 1039 2198 1123 2223; x_wconf 87' lang='lat' dir='ltr'>cum</span> <span class='ocrx_word' id='word_1_387' title='bbox 1150 2186 1278 2222; x_wconf 83' lang='lat' dir='ltr'>semiffe</span> <span class='ocrx_word' id='word_1_388' title='bbox 1297 2200 1357 2222; x_wconf 78' lang='lat' dir='ltr'>ex-</span> 
     </span>
     <span class='ocr_line' id='line_1_60' title="bbox 451 2227 1357 2279; baseline 0.002 -13"><span class='ocrx_word' id='word_1_389' title='bbox 451 2227 616 2272; x_wconf 81' lang='lat' dir='ltr'>pilabant</span> <span class='ocrx_word' id='word_1_390' title='bbox 640 2250 652 2267; x_wconf 65' lang='lat' dir='ltr'>a</span> <span class='ocrx_word' id='word_1_391' title='bbox 689 2243 767 2277; x_wconf 78' lang='lat' dir='ltr'>quae</span> <span class='ocrx_word' id='word_1_392' title='bbox 806 2233 934 2266; x_wconf 82' lang='lat' dir='ltr'>lucella</span> <span class='ocrx_word' id='word_1_393' title='bbox 961 2232 1060 2278; x_wconf 83' lang='lat' dir='ltr'>super</span> <span class='ocrx_word' id='word_1_394' title='bbox 1091 2237 1240 2279; x_wconf 75' lang='lat' dir='ltr'>pignore</span> <span class='ocrx_word' id='word_1_395' title='bbox 1263 2235 1357 2268; x_wconf 83' lang='lat' dir='ltr'>ultra</span> 
     </span>
     <span class='ocr_line' id='line_1_61' title="bbox 453 2276 1356 2323; baseline 0.007 -17"><span class='ocrx_word' id='word_1_396' title='bbox 453 2281 636 2311; x_wconf 84' lang='lat' dir='ltr'>mutatam</span> <span class='ocrx_word' id='word_1_397' title='bbox 671 2279 861 2321; x_wconf 88' lang='lat' dir='ltr'>pecuniam</span> <span class='ocrx_word' id='word_1_398' title='bbox 884 2276 1015 2311; x_wconf 57' lang='lat' dir='ltr'>adin—Sia</span> <span class='ocrx_word' id='word_1_399' title='bbox 1053 2278 1153 2313; x_wconf 85' lang='lat' dir='ltr'>brevi</span> <span class='ocrx_word' id='word_1_400' title='bbox 1181 2279 1356 2323; x_wconf 77' lang='lat' dir='ltr'>augebant</span> 
     </span>
     <span class='ocr_line' id='line_1_62' title="bbox 450 2318 1358 2370; baseline 0.002 -16"><span class='ocrx_word' id='word_1_401' title='bbox 450 2318 581 2355; x_wconf 81' lang='lat' dir='ltr'>sortem</span> <span class='ocrx_word' id='word_1_402' title='bbox 608 2318 717 2359; x_wconf 81' lang='lat' dir='ltr'>adeo,</span> <span class='ocrx_word' id='word_1_403' title='bbox 743 2331 785 2355; x_wconf 91' lang='lat' dir='ltr'>ut</span> <span class='ocrx_word' id='word_1_404' title='bbox 809 2322 919 2358; x_wconf 66' lang='lat' dir='ltr'>usura.³</span> <span class='ocrx_word' id='word_1_405' title='bbox 941 2321 1105 2358; x_wconf 80' lang='lat' dir='ltr'>debitum</span> <span class='ocrx_word' id='word_1_406' title='bbox 1129 2328 1249 2370; x_wconf 87' lang='lat' dir='ltr'>precio</span> <span class='ocrx_word' id='word_1_407' title='bbox 1274 2324 1358 2359; x_wconf 77' lang='lat' dir='ltr'>iusto</span> 
     </span>
     <span class='ocr_line' id='line_1_63' title="bbox 451 2366 1360 2416; baseline 0.004 -17"><span class='ocrx_word' id='word_1_408' title='bbox 451 2366 504 2401; x_wconf 79' lang='lat' dir='ltr'>rei</span> <span class='ocrx_word' id='word_1_409' title='bbox 537 2375 757 2407; x_wconf 79' lang='lat' dir='ltr'>aequaretur‚</span> <span class='ocrx_word' id='word_1_410' title='bbox 784 2368 876 2402; x_wconf 87' lang='lat' dir='ltr'>unde</span> <span class='ocrx_word' id='word_1_411' title='bbox 893 2380 943 2402; x_wconf 87' lang='lat' dir='ltr'>res</span> <span class='ocrx_word' id='word_1_412' title='bbox 956 2366 996 2401; x_wconf 91' lang='lat' dir='ltr'>de</span> <span class='ocrx_word' id='word_1_413' title='bbox 1025 2371 1182 2413; x_wconf 77' lang='lat' dir='ltr'>pignoris</span> <span class='ocrx_word' id='word_1_414' title='bbox 1201 2372 1360 2416; x_wconf 85' lang='lat' dir='ltr'>proprie-</span> 
     </span>
     <span class='ocr_line' id='line_1_64' title="bbox 451 2410 1361 2459; baseline 0.007 -17"><span class='ocrx_word' id='word_1_415' title='bbox 451 2417 525 2445; x_wconf 82' lang='lat' dir='ltr'>tate</span> <span class='ocrx_word' id='word_1_416' title='bbox 555 2411 592 2443; x_wconf 85' lang='lat' dir='ltr'>in</span> <span class='ocrx_word' id='word_1_417' title='bbox 610 2410 716 2453; x_wconf 83' lang='lat' dir='ltr'>Judei</span> <span class='ocrx_word' id='word_1_418' title='bbox 755 2412 995 2459; x_wconf 77' lang='lat' dir='ltr'>possessionem</span> <span class='ocrx_word' id='word_1_419' title='bbox 1023 2412 1135 2447; x_wconf 76' lang='lat' dir='ltr'>silenti</span> <span class='ocrx_word' id='word_1_420' title='bbox 1162 2413 1361 2449; x_wconf 77' lang='lat' dir='ltr'>devoratio·</span> 
     </span>
     <span class='ocr_line' id='line_1_65' title="bbox 453 2455 1361 2504; baseline 0.006 -16"><span class='ocrx_word' id='word_1_421' title='bbox 453 2466 500 2491; x_wconf 77' lang='lat' dir='ltr'>ne</span> <span class='ocrx_word' id='word_1_422' title='bbox 527 2455 785 2499; x_wconf 77' lang='lat' dir='ltr'>transigebatur</span> <span class='ocrx_word' id='word_1_423' title='bbox 801 2482 810 2492; x_wconf 91' lang='lat'><strong>.</strong></span> <span class='ocrx_word' id='word_1_424' title='bbox 836 2460 958 2504; x_wconf 85' lang='lat' dir='ltr'>Neque</span> <span class='ocrx_word' id='word_1_425' title='bbox 975 2457 1009 2491; x_wconf 89' lang='lat' dir='ltr'>id</span> <span class='ocrx_word' id='word_1_426' title='bbox 1025 2461 1073 2491; x_wconf 91' lang='lat' dir='ltr'>eis</span> <span class='ocrx_word' id='word_1_427' title='bbox 1091 2457 1169 2493; x_wconf 79' lang='lat' dir='ltr'>satis</span> <span class='ocrx_word' id='word_1_428' title='bbox 1197 2460 1269 2495; x_wconf 84' lang='lat' dir='ltr'>fuit</span> <span class='ocrx_word' id='word_1_429' title='bbox 1285 2473 1293 2493; x_wconf 89' lang='lat'>:</span> <span class='ocrx_word' id='word_1_430' title='bbox 1308 2457 1361 2494; x_wconf 90' lang='lat' dir='ltr'>sed</span> 
     </span>
     <span class='ocr_line' id='line_1_66' title="bbox 456 2499 1360 2550; baseline 0.007 -16"><span class='ocrx_word' id='word_1_431' title='bbox 456 2499 657 2536; x_wconf 86' lang='lat' dir='ltr'>Vilielmus</span> <span class='ocrx_word' id='word_1_432' title='bbox 672 2503 780 2538; x_wconf 88' lang='lat' dir='ltr'>etiam</span> <span class='ocrx_word' id='word_1_433' title='bbox 796 2505 931 2550; x_wconf 86' lang='lat' dir='ltr'>primus</span> <span class='ocrx_word' id='word_1_434' title='bbox 948 2525 959 2542; x_wconf 89' lang='lat'>‚</span> <span class='ocrx_word' id='word_1_435' title='bbox 984 2502 1085 2538; x_wconf 69' lang='lat' dir='ltr'>senex</span> <span class='ocrx_word' id='word_1_436' title='bbox 1108 2505 1176 2545; x_wconf 77' lang='lat' dir='ltr'>jam</span> <span class='ocrx_word' id='word_1_437' title='bbox 1203 2504 1302 2540; x_wconf 81' lang='lat' dir='ltr'>ausus</span> <span class='ocrx_word' id='word_1_438' title='bbox 1316 2505 1360 2539; x_wconf 88' lang='lat' dir='ltr'>est</span> 
     </span>
     <span class='ocr_line' id='line_1_67' title="bbox 456 2544 1362 2595; baseline 0.003 -13"><span class='ocrx_word' id='word_1_439' title='bbox 456 2544 544 2582; x_wconf 71' lang='lat' dir='ltr'>aedes</span> <span class='ocrx_word' id='word_1_440' title='bbox 568 2557 712 2590; x_wconf 82' lang='lat' dir='ltr'>magnas</span> <span class='ocrx_word' id='word_1_441' title='bbox 742 2550 920 2587; x_wconf 82' lang='lat' dir='ltr'>mercari,</span> <span class='ocrx_word' id='word_1_442' title='bbox 946 2547 1068 2595; x_wconf 80' lang='lat' dir='ltr'>easque</span> <span class='ocrx_word' id='word_1_443' title='bbox 1093 2549 1223 2584; x_wconf 78' lang='lat' dir='ltr'>fabrica</span> <span class='ocrx_word' id='word_1_444' title='bbox 1248 2552 1362 2591; x_wconf 80' lang='lat' dir='ltr'>majo-</span> 
     </span>
     <span class='ocr_line' id='line_1_68' title="bbox 456 2591 1361 2640; baseline 0.004 -15"><span class='ocrx_word' id='word_1_445' title='bbox 456 2602 511 2628; x_wconf 71' lang='lat' dir='ltr'>res</span> <span class='ocrx_word' id='word_1_446' title='bbox 536 2591 795 2640; x_wconf 84' lang='lat' dir='ltr'>pulcrioresque</span> <span class='ocrx_word' id='word_1_447' title='bbox 824 2591 960 2628; x_wconf 81' lang='lat' dir='ltr'>efficere</span> <span class='ocrx_word' id='word_1_448' title='bbox 987 2606 996 2627; x_wconf 86' lang='lat'>:</span> <span class='ocrx_word' id='word_1_449' title='bbox 1037 2594 1142 2640; x_wconf 83' lang='lat' dir='ltr'>idque</span> <span class='ocrx_word' id='word_1_450' title='bbox 1177 2594 1276 2639; x_wconf 89' lang='lat' dir='ltr'>super</span> <span class='ocrx_word' id='word_1_451' title='bbox 1303 2597 1361 2633; x_wconf 81' lang='lat' dir='ltr'>via</span> 
     </span>
     <span class='ocr_line' id='line_1_69' title="bbox 457 2638 1364 2685; baseline 0.003 -15"><span class='ocrx_word' id='word_1_452' title='bbox 457 2638 708 2671; x_wconf 76' lang='lat' dir='ltr'>Vincanciana</span> <span class='ocrx_word' id='word_1_453' title='bbox 737 2664 746 2671; x_wconf 92' lang='lat'><strong>.</strong></span> <span class='ocrx_word' id='word_1_454' title='bbox 778 2641 868 2674; x_wconf 85' lang='lat' dir='ltr'>Item</span> <span class='ocrx_word' id='word_1_455' title='bbox 903 2650 1026 2683; x_wconf 76' lang='lat' dir='ltr'>agrum</span> <span class='ocrx_word' id='word_1_456' title='bbox 1054 2640 1214 2685; x_wconf 81' lang='lat' dir='ltr'>amplum</span> <span class='ocrx_word' id='word_1_457' title='bbox 1250 2652 1364 2676; x_wconf 86' lang='lat' dir='ltr'>emere</span> 
     </span>
     <span class='ocr_line' id='line_1_70' title="bbox 448 2684 1360 2733; baseline 0.004 -17"><span class='ocrx_word' id='word_1_458' title='bbox 448 2684 499 2716; x_wconf 29' lang='lat' dir='ltr'>rad</span> <span class='ocrx_word' id='word_1_459' title='bbox 528 2684 679 2718; x_wconf 81' lang='lat' dir='ltr'>Turrem</span> <span class='ocrx_word' id='word_1_460' title='bbox 705 2685 927 2719; x_wconf 81' lang='lat' dir='ltr'>Martianam</span> <span class='ocrx_word' id='word_1_461' title='bbox 955 2706 966 2722; x_wconf 71' lang='lat'><em>2</em></span> <span class='ocrx_word' id='word_1_462' title='bbox 1000 2696 1075 2728; x_wconf 75' lang='lat' dir='ltr'>quae</span> <span class='ocrx_word' id='word_1_463' title='bbox 1102 2686 1189 2720; x_wconf 63' lang='lat' dir='ltr'>sedes</span> <span class='ocrx_word' id='word_1_464' title='bbox 1212 2697 1360 2733; x_wconf 86' lang='lat' dir='ltr'>agerque</span> 
     </span>
     <span class='ocr_line' id='line_1_71' title="bbox 455 2726 1360 2779; baseline 0.004 -18"><span class='ocrx_word' id='word_1_465' title='bbox 455 2727 567 2775; x_wconf 77' lang='lat' dir='ltr'>postea</span> <span class='ocrx_word' id='word_1_466' title='bbox 588 2729 719 2773; x_wconf 69' lang='lat' dir='ltr'>possessi</span> <span class='ocrx_word' id='word_1_467' title='bbox 745 2729 823 2764; x_wconf 90' lang='lat' dir='ltr'>sunt</span> <span class='ocrx_word' id='word_1_468' title='bbox 852 2726 870 2762; x_wconf 71' lang='lat' dir='ltr'>a</span> <span class='ocrx_word' id='word_1_469' title='bbox 897 2728 1081 2764; x_wconf 78' lang='lat' dir='ltr'>Caesarinis</span> <span class='ocrx_word' id='word_1_470' title='bbox 1110 2739 1189 2767; x_wconf 88' lang='lat' dir='ltr'>tum</span> <span class='ocrx_word' id='word_1_471' title='bbox 1213 2755 1224 2771; x_wconf 90' lang='lat'>‚</span> <span class='ocrx_word' id='word_1_472' title='bbox 1246 2743 1360 2779; x_wconf 90' lang='lat' dir='ltr'>quum</span> 
     </span>
    </p>
   </div>
   <div class='ocr_carea' id='block_1_16' title="bbox 459 2772 1406 2837">
    <p class='ocr_par' dir='ltr' id='par_1_18' title="bbox 459 2772 1406 2837">
     <span class='ocr_line' id='line_1_72' title="bbox 459 2772 1406 2837; baseline 0.004 -29"><span class='ocrx_word' id='word_1_473' title='bbox 459 2772 737 2810; x_wconf 61' lang='lat' dir='ltr'>adventantibus</span> <span class='ocrx_word' id='word_1_474' title='bbox 761 2775 877 2809; x_wconf 81' lang='lat' dir='ltr'>Gallis</span> <span class='ocrx_word' id='word_1_475' title='bbox 900 2774 1008 2820; x_wconf 66' lang='lat' dir='ltr'>Judaei</span> <span class='ocrx_word' id='word_1_476' title='bbox 1035 2788 1158 2812; x_wconf 81' lang='lat' dir='ltr'>omnes</span> <span class='ocrx_word' id='word_1_477' title='bbox 1184 2778 1356 2825; x_wconf 79' lang='lat' dir='ltr'>expoliati</span> <span class='ocrx_word' id='word_1_478' title='bbox 1372 2790 1406 2837; x_wconf 66' lang='lat' dir='ltr'>F</span> 
     </span>
    </p>
   </div>
   <div class='ocr_carea' id='block_1_17' title="bbox 455 2817 1364 3453">
    <p class='ocr_par' dir='ltr' id='par_1_19' title="bbox 455 2817 1364 3453">
     <span class='ocr_line' id='line_1_73' title="bbox 455 2817 1359 2867; baseline 0.002 -13"><span class='ocrx_word' id='word_1_479' title='bbox 455 2817 578 2854; x_wconf 73' lang='lat' dir='ltr'>suere.</span> <span class='ocrx_word' id='word_1_480' title='bbox 602 2819 832 2857; x_wconf 77' lang='lat' dir='ltr'>incoluerunt</span> <span class='ocrx_word' id='word_1_481' title='bbox 861 2832 942 2855; x_wconf 80' lang='lat' dir='ltr'>vero</span> <span class='ocrx_word' id='word_1_482' title='bbox 961 2820 1029 2867; x_wconf 87' lang='lat' dir='ltr'>Jud</span> <span class='ocrx_word' id='word_1_483' title='bbox 1060 2824 1070 2855; x_wconf 87' lang='lat' dir='ltr'>i</span> <span class='ocrx_word' id='word_1_484' title='bbox 1099 2825 1135 2858; x_wconf 90' lang='lat' dir='ltr'>in</span> <span class='ocrx_word' id='word_1_485' title='bbox 1163 2823 1251 2864; x_wconf 79' lang='lat' dir='ltr'>urbe</span> <span class='ocrx_word' id='word_1_486' title='bbox 1268 2824 1359 2858; x_wconf 85' lang='lat' dir='ltr'>Nola</span> 
     </span>
     <span class='ocr_line' id='line_1_74' title="bbox 456 2863 1363 2914; baseline 0.006 -17"><span class='ocrx_word' id='word_1_487' title='bbox 456 2867 562 2898; x_wconf 77' lang='lat' dir='ltr'>annis</span> <span class='ocrx_word' id='word_1_488' title='bbox 588 2863 806 2913; x_wconf 78' lang='lat' dir='ltr'>septuaginta</span> <span class='ocrx_word' id='word_1_489' title='bbox 823 2890 832 2898; x_wconf 91' lang='lat'><em>.</em></span> <span class='ocrx_word' id='word_1_490' title='bbox 860 2868 1009 2907; x_wconf 82' lang='lat' dir='ltr'>Nanque</span> <span class='ocrx_word' id='word_1_491' title='bbox 1036 2869 1226 2907; x_wconf 72' lang='lat' dir='ltr'>millesimo</span> <span class='ocrx_word' id='word_1_492' title='bbox 1254 2871 1363 2914; x_wconf 56' lang='lat' dir='ltr'>quine„</span> 
     </span>
     <span class='ocr_line' id='line_1_75' title="bbox 457 2909 1359 2953; baseline 0.007 -11"><span class='ocrx_word' id='word_1_493' title='bbox 457 2909 653 2945; x_wconf 72' lang='lat' dir='ltr'>oentei&#39;mo</span> <span class='ocrx_word' id='word_1_494' title='bbox 684 2924 778 2947; x_wconf 83' lang='lat' dir='ltr'>nono</span> <span class='ocrx_word' id='word_1_495' title='bbox 804 2910 900 2951; x_wconf 67' lang='lat' dir='ltr'>ejeffl</span> <span class='ocrx_word' id='word_1_496' title='bbox 936 2910 1082 2946; x_wconf 82' lang='lat' dir='ltr'>fuerunt</span> <span class='ocrx_word' id='word_1_497' title='bbox 1108 2936 1119 2953; x_wconf 95' lang='lat'>‚</span> <span class='ocrx_word' id='word_1_498' title='bbox 1147 2927 1218 2951; x_wconf 85' lang='lat' dir='ltr'>non</span> <span class='ocrx_word' id='word_1_499' title='bbox 1247 2914 1359 2949; x_wconf 80' lang='lat' dir='ltr'>solum</span> 
     </span>
     <span class='ocr_line' id='line_1_76' title="bbox 458 2938 1361 3006; baseline 0.004 -16"><span class='ocrx_word' id='word_1_500' title='bbox 458 2938 481 2990; x_wconf 62' lang='grc' dir='ltr'>Ξ</span> <span class='ocrx_word' id='word_1_501' title='bbox 506 2955 725 3002; x_wconf 72' lang='lat' dir='ltr'>Campania,</span> <span class='ocrx_word' id='word_1_502' title='bbox 752 2955 805 2991; x_wconf 89' lang='lat' dir='ltr'>sed</span> <span class='ocrx_word' id='word_1_503' title='bbox 832 2959 940 2990; x_wconf 87' lang='lat' dir='ltr'>etiam</span> <span class='ocrx_word' id='word_1_504' title='bbox 963 2956 1004 2991; x_wconf 89' lang='lat' dir='ltr'>de</span> <span class='ocrx_word' id='word_1_505' title='bbox 1020 2959 1195 3003; x_wconf 55' lang='lat' dir='ltr'>reliquis,</span> <span class='ocrx_word' id='word_1_506' title='bbox 1211 2961 1361 3006; x_wconf 77' lang='lat' dir='ltr'>Apulia,</span> 
     </span>
     <span class='ocr_line' id='line_1_77' title="bbox 459 2998 1361 3048; baseline 0.006 -14"><span class='ocrx_word' id='word_1_507' title='bbox 459 2998 624 3034; x_wconf 81' lang='lat' dir='ltr'>Calabria</span> <span class='ocrx_word' id='word_1_508' title='bbox 646 3014 742 3038; x_wconf 82' lang='lat' dir='ltr'>nunc</span> <span class='ocrx_word' id='word_1_509' title='bbox 765 3002 856 3037; x_wconf 59' lang='lat' dir='ltr'>dieta</span> <span class='ocrx_word' id='word_1_510' title='bbox 886 3014 895 3035; x_wconf 77' lang='lat'>2</span> <span class='ocrx_word' id='word_1_511' title='bbox 920 3013 957 3035; x_wconf 75' lang='lat' dir='ltr'>ac</span> <span class='ocrx_word' id='word_1_512' title='bbox 983 3002 1215 3048; x_wconf 61' lang='lat' dir='ltr'>longe&#39;antea</span> <span class='ocrx_word' id='word_1_513' title='bbox 1241 3007 1281 3040; x_wconf 80' lang='lat' dir='ltr'>de</span> <span class='ocrx_word' id='word_1_514' title='bbox 1304 3008 1361 3039; x_wconf 54' lang='lat' dir='ltr'>Sin</span> 
     </span>
     <span class='ocr_line' id='line_1_78' title="bbox 459 3046 1356 3094; baseline 0.007 -15"><span class='ocrx_word' id='word_1_515' title='bbox 459 3046 567 3083; x_wconf 80' lang='lat' dir='ltr'>cilia,</span> <span class='ocrx_word' id='word_1_516' title='bbox 587 3050 756 3089; x_wconf 70' lang='lat' dir='ltr'>omnique</span> <span class='ocrx_word' id='word_1_517' title='bbox 771 3048 944 3094; x_wconf 76' lang='lat' dir='ltr'>Hispania</span> <span class='ocrx_word' id='word_1_518' title='bbox 968 3047 1011 3082; x_wconf 82' lang='lat' dir='ltr'>ab</span> <span class='ocrx_word' id='word_1_519' title='bbox 1038 3051 1148 3084; x_wconf 81' lang='lat' dir='ltr'>altero</span> <span class='ocrx_word' id='word_1_520' title='bbox 1163 3051 1356 3085; x_wconf 78' lang='lat' dir='ltr'>Ferdinan-</span> 
     </span>
     <span class='ocr_line' id='line_1_79' title="bbox 459 3090 1360 3140; baseline 0.004 -16"><span class='ocrx_word' id='word_1_521' title='bbox 459 3090 506 3124; x_wconf 91' lang='lat' dir='ltr'>do</span> <span class='ocrx_word' id='word_1_522' title='bbox 530 3094 720 3134; x_wconf 75' lang='lat' dir='ltr'>Aragonaeo</span> <span class='ocrx_word' id='word_1_523' title='bbox 747 3115 758 3131; x_wconf 89' lang='lat'>‚</span> <span class='ocrx_word' id='word_1_524' title='bbox 791 3097 854 3139; x_wconf 75' lang='lat' dir='ltr'>qui</span> <span class='ocrx_word' id='word_1_525' title='bbox 908 3093 978 3127; x_wconf 79' lang='lat' dir='ltr'>rius</span> <span class='ocrx_word' id='word_1_526' title='bbox 1010 3092 1264 3140; x_wconf 76' lang='lat' dir='ltr'>Hispaniarum</span> <span class='ocrx_word' id='word_1_527' title='bbox 1300 3108 1360 3134; x_wconf 71' lang='lat' dir='ltr'>rex</span> 
     </span>
     <span class='ocr_line' id='line_1_80' title="bbox 461 3105 1358 3185; baseline 0.004 -16"><span class='ocrx_word' id='word_1_528' title='bbox 461 3142 536 3169; x_wconf 86' lang='lat' dir='ltr'>erat</span> <span class='ocrx_word' id='word_1_529' title='bbox 564 3147 602 3169; x_wconf 87' lang='lat' dir='ltr'>ac</span> <span class='ocrx_word' id='word_1_530' title='bbox 617 3139 742 3172; x_wconf 82' lang='lat' dir='ltr'>Siciliae</span> <span class='ocrx_word' id='word_1_531' title='bbox 759 3163 766 3170; x_wconf 92' lang='lat'><strong>.</strong></span> <span class='ocrx_word' id='word_1_532' title='bbox 788 3105 913 3173; x_wconf 66' lang='lat' dir='ltr'>deimse</span> <span class='ocrx_word' id='word_1_533' title='bbox 940 3138 1044 3182; x_wconf 79' lang='lat' dir='ltr'>pulsis</span> <span class='ocrx_word' id='word_1_534' title='bbox 1069 3140 1191 3174; x_wconf 82' lang='lat' dir='ltr'>nostris</span> <span class='ocrx_word' id='word_1_535' title='bbox 1217 3140 1358 3185; x_wconf 75' lang='lat' dir='ltr'>regibus</span> 
     </span>
     <span class='ocr_line' id='line_1_81' title="bbox 461 3179 1361 3231; baseline 0.006 -17"><span class='ocrx_word' id='word_1_536' title='bbox 461 3179 571 3225; x_wconf 79' lang='lat' dir='ltr'>longo</span> <span class='ocrx_word' id='word_1_537' title='bbox 594 3180 689 3215; x_wconf 80' lang='lat' dir='ltr'>belle</span> <span class='ocrx_word' id='word_1_538' title='bbox 703 3181 826 3218; x_wconf 74' lang='lat' dir='ltr'>habito</span> <span class='ocrx_word' id='word_1_539' title='bbox 843 3195 923 3216; x_wconf 83' lang='lat' dir='ltr'>cum</span> <span class='ocrx_word' id='word_1_540' title='bbox 939 3185 1054 3219; x_wconf 87' lang='lat' dir='ltr'>Gallis</span> <span class='ocrx_word' id='word_1_541' title='bbox 1069 3206 1081 3223; x_wconf 81' lang='grc'>,</span> <span class='ocrx_word' id='word_1_542' title='bbox 1109 3184 1178 3231; x_wconf 91' lang='lat' dir='ltr'>ipse</span> <span class='ocrx_word' id='word_1_543' title='bbox 1202 3184 1361 3220; x_wconf 83' lang='lat' dir='ltr'>succeffit</span> 
     </span>
     <span class='ocr_line' id='line_1_82' title="bbox 460 3225 1363 3274; baseline 0.007 -16"><span class='ocrx_word' id='word_1_544' title='bbox 460 3225 614 3269; x_wconf 82' lang='lat' dir='ltr'>imperio</span> <span class='ocrx_word' id='word_1_545' title='bbox 638 3228 875 3266; x_wconf 82' lang='lat' dir='ltr'>Neapolitano</span> <span class='ocrx_word' id='word_1_546' title='bbox 903 3249 914 3265; x_wconf 77' lang='lat'><strong>‚</strong></span> <span class='ocrx_word' id='word_1_547' title='bbox 951 3241 1021 3274; x_wconf 84' lang='lat' dir='ltr'>quo</span> <span class='ocrx_word' id='word_1_548' title='bbox 1043 3232 1077 3264; x_wconf 92' lang='lat' dir='ltr'>in</span> <span class='ocrx_word' id='word_1_549' title='bbox 1101 3230 1194 3264; x_wconf 89' lang='lat' dir='ltr'>bello</span> <span class='ocrx_word' id='word_1_550' title='bbox 1218 3231 1363 3265; x_wconf 89' lang='lat' dir='ltr'>Gallico</span> 
     </span>
     <span class='ocr_line' id='line_1_83' title="bbox 461 3269 1364 3320; baseline 0.009 -17"><span class='ocrx_word' id='word_1_551' title='bbox 461 3269 570 3318; x_wconf 76' lang='lat' dir='ltr'>Judaei</span> <span class='ocrx_word' id='word_1_552' title='bbox 595 3272 748 3316; x_wconf 86' lang='lat' dir='ltr'>plurima</span> <span class='ocrx_word' id='word_1_553' title='bbox 774 3273 854 3318; x_wconf 65' lang='lat' dir='ltr'>passi</span> <span class='ocrx_word' id='word_1_554' title='bbox 877 3274 955 3306; x_wconf 87' lang='lat' dir='ltr'>sunt</span> <span class='ocrx_word' id='word_1_555' title='bbox 975 3274 1102 3309; x_wconf 82' lang='lat' dir='ltr'>damna</span> <span class='ocrx_word' id='word_1_556' title='bbox 1117 3300 1126 3310; x_wconf 90' lang='lat'><strong>.</strong></span> <span class='ocrx_word' id='word_1_557' title='bbox 1142 3278 1291 3320; x_wconf 88' lang='lat' dir='ltr'>Nanque</span> <span class='ocrx_word' id='word_1_558' title='bbox 1309 3275 1364 3311; x_wconf 53' lang='lat' dir='ltr'>‹li-,³</span> 
     </span>
     <span class='ocr_line' id='line_1_84' title="bbox 464 3316 1364 3366; baseline 0.008 -19"><span class='ocrx_word' id='word_1_559' title='bbox 464 3317 567 3348; x_wconf 72' lang='lat' dir='ltr'>vitiis</span> <span class='ocrx_word' id='word_1_560' title='bbox 593 3316 762 3350; x_wconf 76' lang='lat' dir='ltr'>omnibus</span> <span class='ocrx_word' id='word_1_561' title='bbox 788 3316 928 3363; x_wconf 80' lang='lat' dir='ltr'>spoliati</span> <span class='ocrx_word' id='word_1_562' title='bbox 956 3317 1035 3354; x_wconf 88' lang='lat' dir='ltr'>sunt</span> <span class='ocrx_word' id='word_1_563' title='bbox 1064 3323 1194 3366; x_wconf 78' lang='lat' dir='ltr'>partim</span> <span class='ocrx_word' id='word_1_564' title='bbox 1223 3319 1240 3354; x_wconf 70' lang='lat' dir='ltr'>a</span> <span class='ocrx_word' id='word_1_565' title='bbox 1265 3322 1364 3354; x_wconf 87' lang='lat' dir='ltr'>mili-</span> 
     </span>
     <span class='ocr_line' id='line_1_85' title="bbox 465 3359 1362 3410; baseline 0.01 -18"><span class='ocrx_word' id='word_1_566' title='bbox 465 3359 578 3396; x_wconf 84' lang='lat' dir='ltr'>tibus,</span> <span class='ocrx_word' id='word_1_567' title='bbox 592 3363 722 3402; x_wconf 70' lang='lat' dir='ltr'>partim</span> <span class='ocrx_word' id='word_1_568' title='bbox 739 3360 756 3395; x_wconf 71' lang='grc' dir='ltr'>ὲ</span> <span class='ocrx_word' id='word_1_569' title='bbox 770 3364 926 3410; x_wconf 80' lang='lat' dir='ltr'>populis,</span> <span class='ocrx_word' id='word_1_570' title='bbox 939 3363 1043 3410; x_wconf 84' lang='lat' dir='ltr'>idque</span> <span class='ocrx_word' id='word_1_571' title='bbox 1055 3377 1149 3402; x_wconf 83' lang='lat' dir='ltr'>anno</span> <span class='ocrx_word' id='word_1_572' title='bbox 1160 3366 1362 3407; x_wconf 75' lang='lat' dir='ltr'>Mcccccvi,</span> 
     </span>
     <span class='ocr_line' id='line_1_86' title="bbox 465 3404 871 3453; baseline 0.015 -16"><span class='ocrx_word' id='word_1_573' title='bbox 465 3404 657 3453; x_wconf 73' lang='lat' dir='ltr'>postjesum</span> <span class='ocrx_word' id='word_1_574' title='bbox 669 3405 871 3444; x_wconf 65' lang='lat' dir='ltr'>dominum,</span> 
     </span>
    </p>
   </div>
   <div class='ocr_carea' id='block_1_18' title="bbox 1410 1368 2325 3448">
    <p class='ocr_par' dir='ltr' id='par_1_20' title="bbox 1410 1368 2325 3448">
     <span class='ocr_line' id='line_1_87' title="bbox 1413 1368 2324 1416; baseline 0.001 -14"><span class='ocrx_word' id='word_1_575' title='bbox 1413 1379 1481 1414; x_wconf 89' lang='lat' dir='ltr'>que</span> <span class='ocrx_word' id='word_1_576' title='bbox 1503 1369 1666 1403; x_wconf 85' lang='lat' dir='ltr'>nationes</span> <span class='ocrx_word' id='word_1_577' title='bbox 1680 1389 1691 1405; x_wconf 58' lang='lat'>³</span> <span class='ocrx_word' id='word_1_578' title='bbox 1719 1369 1779 1403; x_wconf 87' lang='lat' dir='ltr'>ubi</span> <span class='ocrx_word' id='word_1_579' title='bbox 1797 1370 1926 1406; x_wconf 85' lang='lat' dir='ltr'>Nolam</span> <span class='ocrx_word' id='word_1_580' title='bbox 1954 1371 2087 1406; x_wconf 67' lang='lat' dir='ltr'>fruStus</span> <span class='ocrx_word' id='word_1_581' title='bbox 2101 1368 2246 1416; x_wconf 83' lang='lat' dir='ltr'>preciosi</span> <span class='ocrx_word' id='word_1_582' title='bbox 2262 1370 2324 1404; x_wconf 70' lang='lat' dir='ltr'>ha-</span> 
     </span>
     <span class='ocr_line' id='line_1_88' title="bbox 1413 1413 2325 1461; baseline 0.004 -13"><span class='ocrx_word' id='word_1_583' title='bbox 1413 1413 1545 1448; x_wconf 78' lang='lat' dir='ltr'>bentur</span> <span class='ocrx_word' id='word_1_584' title='bbox 1569 1425 1578 1444; x_wconf 70' lang='grc' dir='ltr'><strong>ι</strong></span> <span class='ocrx_word' id='word_1_585' title='bbox 1605 1422 1710 1460; x_wconf 85' lang='lat' dir='ltr'>atque</span> <span class='ocrx_word' id='word_1_586' title='bbox 1737 1415 1839 1449; x_wconf 87' lang='lat' dir='ltr'>illinc</span> <span class='ocrx_word' id='word_1_587' title='bbox 1867 1418 2038 1452; x_wconf 66' lang='lat' dir='ltr'>reveSiare</span> <span class='ocrx_word' id='word_1_588' title='bbox 2064 1424 2221 1452; x_wconf 76' lang='lat' dir='ltr'>aromata</span> <span class='ocrx_word' id='word_1_589' title='bbox 2249 1413 2325 1461; x_wconf 81' lang='lat' dir='ltr'>spe-</span> 
     </span>
     <span class='ocr_line' id='line_1_89' title="bbox 1412 1457 2323 1504; baseline 0.004 -12"><span class='ocrx_word' id='word_1_590' title='bbox 1412 1457 1552 1504; x_wconf 88' lang='lat' dir='ltr'>ciesque</span> <span class='ocrx_word' id='word_1_591' title='bbox 1568 1459 1604 1490; x_wconf 91' lang='lat' dir='ltr'>in</span> <span class='ocrx_word' id='word_1_592' title='bbox 1621 1459 1762 1493; x_wconf 87' lang='lat' dir='ltr'>Italiam</span> <span class='ocrx_word' id='word_1_593' title='bbox 1779 1481 1790 1498; x_wconf 61' lang='lat'><em>2</em></span> <span class='ocrx_word' id='word_1_594' title='bbox 1812 1463 1847 1494; x_wconf 90' lang='lat' dir='ltr'>in</span> <span class='ocrx_word' id='word_1_595' title='bbox 1873 1474 1942 1502; x_wconf 82' lang='lat' dir='ltr'>qua</span> <span class='ocrx_word' id='word_1_596' title='bbox 1961 1466 2074 1497; x_wconf 79' lang='lat' dir='ltr'>carius</span> <span class='ocrx_word' id='word_1_597' title='bbox 2100 1459 2323 1502; x_wconf 80' lang='lat' dir='ltr'>venduntur.</span> 
     </span>
     <span class='ocr_line' id='line_1_90' title="bbox 1417 1502 2322 1554; baseline 0.006 -19"><span class='ocrx_word' id='word_1_598' title='bbox 1417 1509 1510 1549; x_wconf 79' lang='lat' dir='ltr'>quod</span> <span class='ocrx_word' id='word_1_599' title='bbox 1543 1502 1772 1538; x_wconf 83' lang='lat' dir='ltr'>utiliffimum</span> <span class='ocrx_word' id='word_1_600' title='bbox 1814 1507 2187 1554; x_wconf 73' lang='lat' dir='ltr'>expeditiffimumque</span> <span class='ocrx_word' id='word_1_601' title='bbox 2221 1505 2284 1541; x_wconf 78' lang='lat' dir='ltr'>esse</span> <span class='ocrx_word' id='word_1_602' title='bbox 2308 1528 2322 1546; x_wconf 87' lang='lat'>‚</span> 
     </span>
     <span class='ocr_line' id='line_1_91' title="bbox 1416 1548 2323 1597; baseline 0.003 -14"><span class='ocrx_word' id='word_1_603' title='bbox 1416 1548 1566 1584; x_wconf 88' lang='lat' dir='ltr'>ostendit</span> <span class='ocrx_word' id='word_1_604' title='bbox 1597 1553 1805 1596; x_wconf 87' lang='lat' dir='ltr'>aperuitque</span> <span class='ocrx_word' id='word_1_605' title='bbox 1841 1554 1977 1597; x_wconf 86' lang='lat' dir='ltr'>primus</span> <span class='ocrx_word' id='word_1_606' title='bbox 2018 1556 2171 1588; x_wconf 78' lang='lat' dir='ltr'>Pacellus</span> <span class='ocrx_word' id='word_1_607' title='bbox 2197 1552 2323 1586; x_wconf 85' lang='lat' dir='ltr'>Clara-</span> 
     </span>
     <span class='ocr_line' id='line_1_92' title="bbox 1415 1596 2321 1641; baseline -0.001 -11"><span class='ocrx_word' id='word_1_608' title='bbox 1415 1597 1598 1632; x_wconf 85' lang='lat' dir='ltr'>montius,</span> <span class='ocrx_word' id='word_1_609' title='bbox 1624 1605 1662 1628; x_wconf 80' lang='lat' dir='ltr'>ac</span> <span class='ocrx_word' id='word_1_610' title='bbox 1678 1598 1834 1641; x_wconf 79' lang='lat' dir='ltr'>Angelus</span> <span class='ocrx_word' id='word_1_611' title='bbox 1858 1598 1930 1637; x_wconf 75' lang='lat' dir='ltr'>ejus</span> <span class='ocrx_word' id='word_1_612' title='bbox 1945 1597 2042 1633; x_wconf 88' lang='lat' dir='ltr'>filius</span> <span class='ocrx_word' id='word_1_613' title='bbox 2056 1622 2067 1638; x_wconf 90' lang='lat'><strong>‚</strong></span> <span class='ocrx_word' id='word_1_614' title='bbox 2094 1608 2134 1633; x_wconf 89' lang='lat' dir='ltr'>ut</span> <span class='ocrx_word' id='word_1_615' title='bbox 2150 1605 2251 1632; x_wconf 88' lang='lat' dir='ltr'>antea</span> <span class='ocrx_word' id='word_1_616' title='bbox 2266 1596 2321 1630; x_wconf 84' lang='lat' dir='ltr'>di-</span> 
     </span>
     <span class='ocr_line' id='line_1_93' title="bbox 1416 1639 2322 1689; baseline 0.004 -16"><span class='ocrx_word' id='word_1_617' title='bbox 1416 1639 1511 1675; x_wconf 64' lang='lat' dir='ltr'>&amp;lum</span> <span class='ocrx_word' id='word_1_618' title='bbox 1534 1640 1577 1674; x_wconf 84' lang='lat' dir='ltr'>est</span> <span class='ocrx_word' id='word_1_619' title='bbox 1599 1664 1608 1674; x_wconf 87' lang='lat'><strong>.</strong></span> <span class='ocrx_word' id='word_1_620' title='bbox 1634 1641 1786 1676; x_wconf 79' lang='lat' dir='ltr'>Maximi</span> <span class='ocrx_word' id='word_1_621' title='bbox 1815 1655 1955 1689; x_wconf 82' lang='lat' dir='ltr'>quoque</span> <span class='ocrx_word' id='word_1_622' title='bbox 1992 1645 2168 1680; x_wconf 85' lang='lat' dir='ltr'>momenti</span> <span class='ocrx_word' id='word_1_623' title='bbox 2193 1642 2228 1676; x_wconf 87' lang='lat' dir='ltr'>id</span> <span class='ocrx_word' id='word_1_624' title='bbox 2256 1639 2322 1677; x_wconf 80' lang='lat' dir='ltr'>esse</span> 
     </span>
     <span class='ocr_line' id='line_1_94' title="bbox 1410 1684 2322 1733; baseline 0.001 -13"><span class='ocrx_word' id='word_1_625' title='bbox 1410 1684 1557 1721; x_wconf 86' lang='lat' dir='ltr'>docuere</span> <span class='ocrx_word' id='word_1_626' title='bbox 1570 1689 1823 1733; x_wconf 80' lang='lat' dir='ltr'>Veneti-,atque</span> <span class='ocrx_word' id='word_1_627' title='bbox 1839 1690 1985 1733; x_wconf 79' lang='lat' dir='ltr'>Ligures</span> <span class='ocrx_word' id='word_1_628' title='bbox 1998 1699 2220 1727; x_wconf 85' lang='lat' dir='ltr'>mercatores:</span> <span class='ocrx_word' id='word_1_629' title='bbox 2231 1697 2322 1733; x_wconf 68' lang='lat' dir='ltr'>quos</span> 
     </span>
     <span class='ocr_line' id='line_1_95' title="bbox 1418 1734 2321 1781; baseline -0.001 -14"><span class='ocrx_word' id='word_1_630' title='bbox 1418 1745 1496 1767; x_wconf 90' lang='lat' dir='ltr'>rum</span> <span class='ocrx_word' id='word_1_631' title='bbox 1522 1734 1726 1780; x_wconf 88' lang='lat' dir='ltr'>quicunque</span> <span class='ocrx_word' id='word_1_632' title='bbox 1741 1737 1755 1773; x_wconf 67' lang='grc' dir='ltr'>ζ</span> <span class='ocrx_word' id='word_1_633' title='bbox 1771 1746 1851 1767; x_wconf 80' lang='lat' dir='ltr'>nam</span> <span class='ocrx_word' id='word_1_634' title='bbox 1867 1736 2068 1781; x_wconf 84' lang='lat' dir='ltr'>complures</span> <span class='ocrx_word' id='word_1_635' title='bbox 2081 1736 2230 1778; x_wconf 85' lang='lat' dir='ltr'>venere)</span> <span class='ocrx_word' id='word_1_636' title='bbox 2247 1735 2321 1767; x_wconf 91' lang='lat' dir='ltr'>No-</span> 
     </span>
     <span class='ocr_line' id='line_1_96' title="bbox 1416 1776 2323 1817; baseline 0.004 -4"><span class='ocrx_word' id='word_1_637' title='bbox 1416 1780 1486 1813; x_wconf 71' lang='lat' dir='ltr'>lam</span> <span class='ocrx_word' id='word_1_638' title='bbox 1513 1787 1712 1812; x_wconf 83' lang='lat' dir='ltr'>mercatum</span> <span class='ocrx_word' id='word_1_639' title='bbox 1738 1776 1872 1813; x_wconf 68' lang='lat' dir='ltr'>fruSius</span> <span class='ocrx_word' id='word_1_640' title='bbox 1886 1781 2015 1815; x_wconf 87' lang='lat' dir='ltr'>nostros</span> <span class='ocrx_word' id='word_1_641' title='bbox 2041 1779 2323 1817; x_wconf 55' lang='lat' dir='ltr'>accefferunuii</span> 
     </span>
     <span class='ocr_line' id='line_1_97' title="bbox 1414 1824 2322 1868; baseline 0.001 -10"><span class='ocrx_word' id='word_1_642' title='bbox 1414 1824 1579 1860; x_wconf 83' lang='lat' dir='ltr'>ditiffimi</span> <span class='ocrx_word' id='word_1_643' title='bbox 1608 1825 1646 1857; x_wconf 89' lang='lat' dir='ltr'>in</span> <span class='ocrx_word' id='word_1_644' title='bbox 1674 1826 1824 1868; x_wconf 84' lang='lat' dir='ltr'>patriam</span> <span class='ocrx_word' id='word_1_645' title='bbox 1841 1824 1994 1865; x_wconf 72' lang='lat' dir='ltr'>rediere,</span> <span class='ocrx_word' id='word_1_646' title='bbox 2019 1828 2127 1868; x_wconf 64' lang='lat' dir='ltr'>&#39;auam</span> <span class='ocrx_word' id='word_1_647' title='bbox 2154 1837 2227 1860; x_wconf 91' lang='lat' dir='ltr'>rem</span> <span class='ocrx_word' id='word_1_648' title='bbox 2240 1825 2322 1860; x_wconf 58' lang='lat' dir='ltr'>ania·</span> 
     </span>
     <span class='ocr_line' id='line_1_98' title="bbox 1413 1870 2322 1917; baseline -0.002 -12"><span class='ocrx_word' id='word_1_649' title='bbox 1413 1870 1674 1906; x_wconf 85' lang='lat' dir='ltr'>madvertentes</span> <span class='ocrx_word' id='word_1_650' title='bbox 1691 1871 1944 1915; x_wconf 76' lang='lat' dir='ltr'>Neapolitani,</span> <span class='ocrx_word' id='word_1_651' title='bbox 1959 1874 1989 1906; x_wconf 71' lang='grc' dir='ltr'>δι</span> <span class='ocrx_word' id='word_1_652' title='bbox 2006 1870 2067 1917; x_wconf 77' lang='lat' dir='ltr'>ipsi</span> <span class='ocrx_word' id='word_1_653' title='bbox 2082 1870 2221 1911; x_wconf 87' lang='lat' dir='ltr'>summo</span> <span class='ocrx_word' id='word_1_654' title='bbox 2235 1880 2322 1905; x_wconf 88' lang='lat' dir='ltr'>cum</span> 
     </span>
     <span class='ocr_line' id='line_1_99' title="bbox 1416 1914 2323 1956; baseline 0 -6"><span class='ocrx_word' id='word_1_655' title='bbox 1416 1917 1517 1950; x_wconf 87' lang='lat' dir='ltr'>lucro</span> <span class='ocrx_word' id='word_1_656' title='bbox 1544 1914 1637 1948; x_wconf 83' lang='lat' dir='ltr'>idern</span> <span class='ocrx_word' id='word_1_657' title='bbox 1665 1914 1902 1950; x_wconf 64' lang='lat' dir='ltr'>trafiaverunt</span> <span class='ocrx_word' id='word_1_658' title='bbox 1930 1930 1941 1956; x_wconf 80' lang='lat'>3</span> <span class='ocrx_word' id='word_1_659' title='bbox 1966 1927 2007 1954; x_wconf 89' lang='lat' dir='ltr'>ut</span> <span class='ocrx_word' id='word_1_660' title='bbox 2025 1916 2224 1952; x_wconf 86' lang='lat' dir='ltr'>Franciscus</span> <span class='ocrx_word' id='word_1_661' title='bbox 2242 1924 2323 1955; x_wconf 84' lang='lat' dir='ltr'>‚at-</span> 
     </span>
     <span class='ocr_line' id='line_1_100' title="bbox 1415 1959 2319 2006; baseline 0.003 -14"><span class='ocrx_word' id='word_1_662' title='bbox 1415 1973 1484 2006; x_wconf 84' lang='lat' dir='ltr'>que</span> <span class='ocrx_word' id='word_1_663' title='bbox 1512 1959 1702 1996; x_wconf 70' lang='lat' dir='ltr'>Matthaeus</span> <span class='ocrx_word' id='word_1_664' title='bbox 1715 1959 1898 2005; x_wconf 83' lang='lat' dir='ltr'>Coppuia‚</span> <span class='ocrx_word' id='word_1_665' title='bbox 1925 1963 2162 1997; x_wconf 86' lang='lat' dir='ltr'>Colantonius</span> <span class='ocrx_word' id='word_1_666' title='bbox 2174 1963 2319 1996; x_wconf 71' lang='lat' dir='ltr'>Galiar-</span> 
     </span>
     <span class='ocr_line' id='line_1_101' title="bbox 1412 2005 2321 2048; baseline 0.001 -6"><span class='ocrx_word' id='word_1_667' title='bbox 1412 2008 1476 2042; x_wconf 89' lang='lat' dir='ltr'>dus</span> <span class='ocrx_word' id='word_1_668' title='bbox 1500 2018 1538 2041; x_wconf 91' lang='lat' dir='ltr'>ac</span> <span class='ocrx_word' id='word_1_669' title='bbox 1564 2006 1726 2048; x_wconf 81' lang='lat' dir='ltr'>plerique</span> <span class='ocrx_word' id='word_1_670' title='bbox 1759 2005 1819 2039; x_wconf 86' lang='lat' dir='ltr'>alii</span> <span class='ocrx_word' id='word_1_671' title='bbox 1850 2018 1862 2046; x_wconf 76' lang='lat'>3</span> <span class='ocrx_word' id='word_1_672' title='bbox 1886 2010 2072 2042; x_wconf 81' lang='lat' dir='ltr'>materiam</span> <span class='ocrx_word' id='word_1_673' title='bbox 2100 2021 2180 2043; x_wconf 92' lang='lat' dir='ltr'>vero</span> <span class='ocrx_word' id='word_1_674' title='bbox 2208 2007 2321 2043; x_wconf 73' lang='lat' dir='ltr'>noster</span> 
     </span>
     <span class='ocr_line' id='line_1_102' title="bbox 1416 2048 2322 2098; baseline -0.003 -11"><span class='ocrx_word' id='word_1_675' title='bbox 1416 2064 1496 2097; x_wconf 77' lang='lat' dir='ltr'>ager</span> <span class='ocrx_word' id='word_1_676' title='bbox 1524 2061 1601 2086; x_wconf 88' lang='lat' dir='ltr'>tum</span> <span class='ocrx_word' id='word_1_677' title='bbox 1619 2048 1727 2086; x_wconf 77' lang='lat' dir='ltr'>alias,</span> <span class='ocrx_word' id='word_1_678' title='bbox 1754 2059 1831 2084; x_wconf 89' lang='lat' dir='ltr'>tum</span> <span class='ocrx_word' id='word_1_679' title='bbox 1858 2053 1969 2086; x_wconf 84' lang='lat' dir='ltr'>nostra</span> <span class='ocrx_word' id='word_1_680' title='bbox 1985 2054 2185 2098; x_wconf 84' lang='lat' dir='ltr'>tempestate</span> <span class='ocrx_word' id='word_1_681' title='bbox 2211 2065 2227 2086; x_wconf 87' lang='lat' dir='ltr'>a</span> <span class='ocrx_word' id='word_1_682' title='bbox 2259 2051 2322 2085; x_wconf 88' lang='lat' dir='ltr'>til-</span> 
     </span>
     <span class='ocr_line' id='line_1_103' title="bbox 1416 2092 2321 2143; baseline -0.004 -10"><span class='ocrx_word' id='word_1_683' title='bbox 1416 2098 1538 2133; x_wconf 78' lang='lat' dir='ltr'>simam</span> <span class='ocrx_word' id='word_1_684' title='bbox 1566 2092 1735 2142; x_wconf 79' lang='lat' dir='ltr'>produxit</span> <span class='ocrx_word' id='word_1_685' title='bbox 1760 2107 1769 2127; x_wconf 72' lang='grc' dir='ltr'><strong>ε</strong></span> <span class='ocrx_word' id='word_1_686' title='bbox 1798 2098 1883 2131; x_wconf 89' lang='lat' dir='ltr'>vina</span> <span class='ocrx_word' id='word_1_687' title='bbox 1907 2099 2004 2132; x_wconf 85' lang='lat' dir='ltr'>enim</span> <span class='ocrx_word' id='word_1_688' title='bbox 2032 2100 2170 2143; x_wconf 87' lang='lat' dir='ltr'>optima</span> <span class='ocrx_word' id='word_1_689' title='bbox 2204 2109 2227 2143; x_wconf 91' lang='lat' dir='ltr'>p</span> <span class='ocrx_word' id='word_1_690' title='bbox 2245 2097 2321 2130; x_wconf 87' lang='lat' dir='ltr'>uri·-</span> 
     </span>
     <span class='ocr_line' id='line_1_104' title="bbox 1414 2136 2323 2188; baseline -0.003 -11"><span class='ocrx_word' id='word_1_691' title='bbox 1414 2155 1541 2188; x_wconf 79' lang='lat' dir='ltr'>maque</span> <span class='ocrx_word' id='word_1_692' title='bbox 1573 2138 1709 2175; x_wconf 79' lang='lat' dir='ltr'>Nolana</span> <span class='ocrx_word' id='word_1_693' title='bbox 1735 2136 1838 2180; x_wconf 81' lang='lat' dir='ltr'>sunt,</span> <span class='ocrx_word' id='word_1_694' title='bbox 1866 2149 1969 2187; x_wconf 84' lang='lat' dir='ltr'>atque</span> <span class='ocrx_word' id='word_1_695' title='bbox 1997 2143 2323 2177; x_wconf 77' lang='lat' dir='ltr'>Avellanarurnin-</span> 
     </span>
     <span class='ocr_line' id='line_1_105' title="bbox 1414 2184 2319 2233; baseline -0.002 -12"><span class='ocrx_word' id='word_1_696' title='bbox 1414 2201 1498 2232; x_wconf 65' lang='lat' dir='ltr'>gens</span> <span class='ocrx_word' id='word_1_697' title='bbox 1520 2187 1651 2233; x_wconf 69' lang='lat' dir='ltr'>copias</span> <span class='ocrx_word' id='word_1_698' title='bbox 1675 2184 1760 2217; x_wconf 74' lang='lat' dir='ltr'>vina</span> <span class='ocrx_word' id='word_1_699' title='bbox 1786 2185 1932 2230; x_wconf 82' lang='lat' dir='ltr'>quidem</span> <span class='ocrx_word' id='word_1_700' title='bbox 1950 2189 2065 2221; x_wconf 63' lang='lat' dir='ltr'>Rome</span> <span class='ocrx_word' id='word_1_701' title='bbox 2084 2185 2319 2231; x_wconf 77' lang='lat' dir='ltr'>Veneriisque</span> 
     </span>
     <span class='ocr_line' id='line_1_106' title="bbox 1415 2226 2321 2279; baseline 0.006 -17"><span class='ocrx_word' id='word_1_702' title='bbox 1415 2226 1580 2279; x_wconf 69' lang='lat' dir='ltr'>‘paratum</span> <span class='ocrx_word' id='word_1_703' title='bbox 1608 2228 1862 2270; x_wconf 83' lang='lat' dir='ltr'>liberalemque</span> <span class='ocrx_word' id='word_1_704' title='bbox 1887 2234 2081 2267; x_wconf 75' lang='lat' dir='ltr'>inveniunt</span> <span class='ocrx_word' id='word_1_705' title='bbox 2106 2243 2321 2276; x_wconf 69' lang='lat' dir='ltr'>emptorem:</span> 
     </span>
     <span class='ocr_line' id='line_1_107' title="bbox 1417 2275 2320 2320; baseline -0.006 -7"><span class='ocrx_word' id='word_1_706' title='bbox 1417 2279 1583 2313; x_wconf 83' lang='lat' dir='ltr'>avellanae</span> <span class='ocrx_word' id='word_1_707' title='bbox 1617 2286 1700 2308; x_wconf 84' lang='lat' dir='ltr'>vero</span> <span class='ocrx_word' id='word_1_708' title='bbox 1736 2276 1936 2320; x_wconf 77' lang='lat' dir='ltr'>gratiffimae</span> <span class='ocrx_word' id='word_1_709' title='bbox 1977 2279 2143 2314; x_wconf 76' lang='lat' dir='ltr'>omnibus</span> <span class='ocrx_word' id='word_1_710' title='bbox 2170 2291 2240 2313; x_wconf 91' lang='lat' dir='ltr'>non</span> <span class='ocrx_word' id='word_1_711' title='bbox 2267 2275 2320 2310; x_wconf 77' lang='lat' dir='ltr'>so·-</span> 
     </span>
     <span class='ocr_line' id='line_1_108' title="bbox 1421 2317 2323 2370; baseline -0.001 -13"><span class='ocrx_word' id='word_1_712' title='bbox 1421 2326 1494 2358; x_wconf 88' lang='lat' dir='ltr'>lum</span> <span class='ocrx_word' id='word_1_713' title='bbox 1511 2324 1635 2358; x_wconf 74' lang='lat' dir='ltr'>Italis,</span> <span class='ocrx_word' id='word_1_714' title='bbox 1662 2317 1714 2352; x_wconf 68' lang='lat' dir='ltr'>led</span> <span class='ocrx_word' id='word_1_715' title='bbox 1742 2323 1850 2356; x_wconf 76' lang='lat' dir='ltr'>etiam</span> <span class='ocrx_word' id='word_1_716' title='bbox 1867 2322 1998 2368; x_wconf 82' lang='lat' dir='ltr'>Aphris</span> <span class='ocrx_word' id='word_1_717' title='bbox 2023 2325 2163 2370; x_wconf 84' lang='lat' dir='ltr'>populis</span> <span class='ocrx_word' id='word_1_718' title='bbox 2189 2321 2323 2358; x_wconf 78' lang='lat' dir='ltr'>haben-</span> 
     </span>
     <span class='ocr_line' id='line_1_109' title="bbox 1419 2365 2320 2413; baseline 0 -11"><span class='ocrx_word' id='word_1_719' title='bbox 1419 2378 1475 2404; x_wconf 85' lang='lat' dir='ltr'>tur</span> <span class='ocrx_word' id='word_1_720' title='bbox 1501 2390 1513 2407; x_wconf 82' lang='lat'><strong>,</strong></span> <span class='ocrx_word' id='word_1_721' title='bbox 1538 2367 1628 2413; x_wconf 88' lang='lat' dir='ltr'>quod</span> <span class='ocrx_word' id='word_1_722' title='bbox 1652 2365 1672 2400; x_wconf 78' lang='grc' dir='ltr'>ίῖ</span> <span class='ocrx_word' id='word_1_723' title='bbox 1701 2365 1742 2399; x_wconf 90' lang='lat' dir='ltr'>ad</span> <span class='ocrx_word' id='word_1_724' title='bbox 1765 2377 1805 2399; x_wconf 86' lang='lat' dir='ltr'>ea</span> <span class='ocrx_word' id='word_1_725' title='bbox 1846 2368 1919 2401; x_wconf 86' lang='lat' dir='ltr'>loca</span> <span class='ocrx_word' id='word_1_726' title='bbox 1958 2372 2066 2407; x_wconf 76' lang='lat' dir='ltr'>exteri</span> <span class='ocrx_word' id='word_1_727' title='bbox 2110 2377 2320 2403; x_wconf 79' lang='lat' dir='ltr'>mercatores</span> 
     </span>
     <span class='ocr_line' id='line_1_110' title="bbox 1418 2413 2320 2457; baseline -0.001 -7"><span class='ocrx_word' id='word_1_728' title='bbox 1418 2416 1489 2450; x_wconf 74' lang='lat' dir='ltr'>haec</span> <span class='ocrx_word' id='word_1_729' title='bbox 1513 2413 1699 2448; x_wconf 59' lang='lat' dir='ltr'>‹levet-“tant</span> <span class='ocrx_word' id='word_1_730' title='bbox 1736 2424 1862 2457; x_wconf 77' lang='lat' dir='ltr'>magna</span> <span class='ocrx_word' id='word_1_731' title='bbox 1889 2425 1970 2448; x_wconf 87' lang='lat' dir='ltr'>cum</span> <span class='ocrx_word' id='word_1_732' title='bbox 2010 2415 2169 2449; x_wconf 79' lang='lat' dir='ltr'>utilitate</span> <span class='ocrx_word' id='word_1_733' title='bbox 2196 2426 2206 2445; x_wconf 88' lang='lat'>·.</span> <span class='ocrx_word' id='word_1_734' title='bbox 2234 2423 2320 2449; x_wconf 87' lang='lat' dir='ltr'>cum</span> 
     </span>
     <span class='ocr_line' id='line_1_111' title="bbox 1420 2455 2321 2503; baseline 0.001 -13"><span class='ocrx_word' id='word_1_735' title='bbox 1420 2460 1540 2494; x_wconf 79' lang='lat' dir='ltr'>eadem</span> <span class='ocrx_word' id='word_1_736' title='bbox 1566 2458 1733 2493; x_wconf 82' lang='lat' dir='ltr'>devehere</span> <span class='ocrx_word' id='word_1_737' title='bbox 1766 2456 1908 2492; x_wconf 83' lang='lat' dir='ltr'>facilius</span> <span class='ocrx_word' id='word_1_738' title='bbox 1940 2458 2072 2503; x_wconf 77' lang='lat' dir='ltr'>possent</span> <span class='ocrx_word' id='word_1_739' title='bbox 2099 2460 2229 2494; x_wconf 86' lang='lat' dir='ltr'>Nolani</span> <span class='ocrx_word' id='word_1_740' title='bbox 2255 2480 2266 2496; x_wconf 84' lang='lat'>‚</span> <span class='ocrx_word' id='word_1_741' title='bbox 2293 2455 2321 2491; x_wconf 71' lang='lat' dir='ltr'>fr</span> 
     </span>
     <span class='ocr_line' id='line_1_112' title="bbox 1419 2503 2319 2549; baseline 0 -10"><span class='ocrx_word' id='word_1_742' title='bbox 1419 2507 1554 2539; x_wconf 84' lang='lat' dir='ltr'>vellent</span> <span class='ocrx_word' id='word_1_743' title='bbox 1581 2516 1592 2543; x_wconf 73' lang='lat'>3</span> <span class='ocrx_word' id='word_1_744' title='bbox 1617 2504 1651 2537; x_wconf 90' lang='lat' dir='ltr'>id</span> <span class='ocrx_word' id='word_1_745' title='bbox 1677 2514 1795 2540; x_wconf 78' lang='lat' dir='ltr'>autem</span> <span class='ocrx_word' id='word_1_746' title='bbox 1823 2503 1867 2536; x_wconf 84' lang='lat' dir='ltr'>ab</span> <span class='ocrx_word' id='word_1_747' title='bbox 1892 2506 1940 2537; x_wconf 89' lang='lat' dir='ltr'>eis</span> <span class='ocrx_word' id='word_1_748' title='bbox 1964 2525 1976 2542; x_wconf 84' lang='lat'><em>‚</em></span> <span class='ocrx_word' id='word_1_749' title='bbox 2012 2513 2052 2538; x_wconf 85' lang='lat' dir='ltr'>ut</span> <span class='ocrx_word' id='word_1_750' title='bbox 2078 2505 2159 2540; x_wconf 77' lang='lat' dir='ltr'>satis</span> <span class='ocrx_word' id='word_1_751' title='bbox 2185 2503 2319 2549; x_wconf 52' lang='lat' dir='ltr'>persper-</span> 
     </span>
     <span class='ocr_line' id='line_1_113' title="bbox 1419 2546 2319 2597; baseline -0.001 -13"><span class='ocrx_word' id='word_1_752' title='bbox 1419 2553 1543 2588; x_wconf 69' lang='lat' dir='ltr'>Sium‚</span> <span class='ocrx_word' id='word_1_753' title='bbox 1570 2550 1762 2597; x_wconf 87' lang='lat' dir='ltr'>aliquando</span> <span class='ocrx_word' id='word_1_754' title='bbox 1786 2547 1883 2585; x_wconf 80' lang='lat' dir='ltr'>fuiffe</span> <span class='ocrx_word' id='word_1_755' title='bbox 1910 2548 2077 2584; x_wconf 62' lang='lat' dir='ltr'>videtur?</span> <span class='ocrx_word' id='word_1_756' title='bbox 2098 2554 2148 2585; x_wconf 89' lang='lat' dir='ltr'>ita</span> <span class='ocrx_word' id='word_1_757' title='bbox 2174 2561 2237 2585; x_wconf 86' lang='lat' dir='ltr'>nec</span> <span class='ocrx_word' id='word_1_758' title='bbox 2265 2546 2319 2583; x_wconf 76' lang='lat' dir='ltr'>fa-</span> 
     </span>
     <span class='ocr_line' id='line_1_114' title="bbox 1419 2594 2317 2640; baseline -0.003 -9"><span class='ocrx_word' id='word_1_759' title='bbox 1419 2597 1588 2631; x_wconf 59' lang='lat' dir='ltr'>&amp;iratum</span> <span class='ocrx_word' id='word_1_760' title='bbox 1614 2607 1770 2637; x_wconf 85' lang='lat' dir='ltr'>unquam</span> <span class='ocrx_word' id='word_1_761' title='bbox 1798 2617 1809 2634; x_wconf 93' lang='lat'>‚</span> <span class='ocrx_word' id='word_1_762' title='bbox 1844 2594 1937 2640; x_wconf 82' lang='lat' dir='ltr'>quod</span> <span class='ocrx_word' id='word_1_763' title='bbox 1964 2595 2232 2631; x_wconf 86' lang='lat' dir='ltr'>mediterraneis</span> <span class='ocrx_word' id='word_1_764' title='bbox 2259 2598 2317 2629; x_wconf 64' lang='lat' dir='ltr'>ina</span> 
     </span>
     <span class='ocr_line' id='line_1_115' title="bbox 1420 2640 2320 2687; baseline -0.004 -11"><span class='ocrx_word' id='word_1_765' title='bbox 1420 2643 1533 2687; x_wconf 81' lang='lat' dir='ltr'>g&#39;eniis</span> <span class='ocrx_word' id='word_1_766' title='bbox 1566 2640 1711 2674; x_wconf 65' lang='lat' dir='ltr'>infitum</span> <span class='ocrx_word' id='word_1_767' title='bbox 1736 2640 1798 2675; x_wconf 79' lang='lat' dir='ltr'>effe</span> <span class='ocrx_word' id='word_1_768' title='bbox 1835 2640 1992 2675; x_wconf 79' lang='lat' dir='ltr'>creditur</span> <span class='ocrx_word' id='word_1_769' title='bbox 2019 2661 2029 2680; x_wconf 72' lang='lat' dir='ltr'>a</span> <span class='ocrx_word' id='word_1_770' title='bbox 2067 2643 2166 2677; x_wconf 82' lang='lat' dir='ltr'>humi</span> <span class='ocrx_word' id='word_1_771' title='bbox 2192 2640 2320 2676; x_wconf 77' lang='lat' dir='ltr'>haerere</span> 
     </span>
     <span class='ocr_line' id='line_1_116' title="bbox 1419 2684 2319 2733; baseline -0.003 -13"><span class='ocrx_word' id='word_1_772' title='bbox 1419 2687 1509 2722; x_wconf 82' lang='lat' dir='ltr'>velle</span> <span class='ocrx_word' id='word_1_773' title='bbox 1538 2689 1657 2731; x_wconf 86' lang='lat' dir='ltr'>potius</span> <span class='ocrx_word' id='word_1_774' title='bbox 1682 2708 1693 2725; x_wconf 84' lang='lat'><strong>‚</strong></span> <span class='ocrx_word' id='word_1_775' title='bbox 1721 2697 1827 2731; x_wconf 85' lang='lat' dir='ltr'>quam</span> <span class='ocrx_word' id='word_1_776' title='bbox 1862 2684 1966 2719; x_wconf 87' lang='lat' dir='ltr'>undis</span> <span class='ocrx_word' id='word_1_777' title='bbox 1992 2686 2222 2733; x_wconf 59' lang='lat' dir='ltr'>flufftibulque</span> <span class='ocrx_word' id='word_1_778' title='bbox 2246 2686 2319 2720; x_wconf 87' lang='lat' dir='ltr'>huc</span> 
     </span>
     <span class='ocr_line' id='line_1_117' title="bbox 1420 2730 2319 2778; baseline -0.004 -11"><span class='ocrx_word' id='word_1_779' title='bbox 1420 2742 1524 2772; x_wconf 81' lang='lat' dir='ltr'>atque</span> <span class='ocrx_word' id='word_1_780' title='bbox 1550 2732 1635 2766; x_wconf 83' lang='lat' dir='ltr'>illuc</span> <span class='ocrx_word' id='word_1_781' title='bbox 1663 2743 1760 2767; x_wconf 87' lang='lat' dir='ltr'>more</span> <span class='ocrx_word' id='word_1_782' title='bbox 1786 2730 1939 2778; x_wconf 86' lang='lat' dir='ltr'>piscium</span> <span class='ocrx_word' id='word_1_783' title='bbox 1964 2731 2099 2766; x_wconf 67' lang='lat' dir='ltr'>aftitari</span> <span class='ocrx_word' id='word_1_784' title='bbox 2118 2756 2126 2764; x_wconf 91' lang='lat'><strong>.</strong></span> <span class='ocrx_word' id='word_1_785' title='bbox 2151 2730 2319 2775; x_wconf 77' lang='lat' dir='ltr'>Agricul-</span> 
     </span>
     <span class='ocr_line' id='line_1_118' title="bbox 1422 2774 2316 2823; baseline -0.003 -11"><span class='ocrx_word' id='word_1_786' title='bbox 1422 2774 1537 2812; x_wconf 70' lang='lat' dir='ltr'>tufam</span> <span class='ocrx_word' id='word_1_787' title='bbox 1563 2788 1646 2811; x_wconf 83' lang='lat' dir='ltr'>vero</span> <span class='ocrx_word' id='word_1_788' title='bbox 1673 2789 1745 2812; x_wconf 88' lang='lat' dir='ltr'>rem</span> <span class='ocrx_word' id='word_1_789' title='bbox 1774 2788 1941 2823; x_wconf 83' lang='lat' dir='ltr'>magnam</span> <span class='ocrx_word' id='word_1_790' title='bbox 1971 2776 2188 2822; x_wconf 81' lang='lat' dir='ltr'>dignamque</span> <span class='ocrx_word' id='word_1_791' title='bbox 2213 2775 2275 2810; x_wconf 75' lang='lat' dir='ltr'>esse</span> <span class='ocrx_word' id='word_1_792' title='bbox 2303 2795 2316 2813; x_wconf 69' lang='grc' dir='ltr'>ι,</span> 
     </span>
     <span class='ocr_line' id='line_1_119' title="bbox 1420 2821 2320 2869; baseline -0.004 -12"><span class='ocrx_word' id='word_1_793' title='bbox 1420 2826 1540 2858; x_wconf 88' lang='lat' dir='ltr'>animo</span> <span class='ocrx_word' id='word_1_794' title='bbox 1563 2822 1754 2869; x_wconf 75' lang='lat' dir='ltr'>concepisse</span> <span class='ocrx_word' id='word_1_795' title='bbox 1768 2823 1948 2862; x_wconf 80' lang='lat' dir='ltr'>Nolanos,</span> <span class='ocrx_word' id='word_1_796' title='bbox 1978 2822 2066 2856; x_wconf 91' lang='lat' dir='ltr'>illud</span> <span class='ocrx_word' id='word_1_797' title='bbox 2091 2823 2245 2857; x_wconf 79' lang='lat' dir='ltr'>maxime</span> <span class='ocrx_word' id='word_1_798' title='bbox 2264 2821 2320 2854; x_wconf 84' lang='lat' dir='ltr'>in-</span> 
     </span>
     <span class='ocr_line' id='line_1_120' title="bbox 1419 2867 2319 2914; baseline -0.004 -12"><span class='ocrx_word' id='word_1_799' title='bbox 1419 2869 1533 2903; x_wconf 79' lang='lat' dir='ltr'>dicare</span> <span class='ocrx_word' id='word_1_800' title='bbox 1558 2869 1689 2914; x_wconf 81' lang='lat' dir='ltr'>potest:</span> <span class='ocrx_word' id='word_1_801' title='bbox 1716 2867 1886 2914; x_wconf 81' lang='lat' dir='ltr'>siquidem</span> <span class='ocrx_word' id='word_1_802' title='bbox 1911 2870 2026 2903; x_wconf 85' lang='lat' dir='ltr'>omnis</span> <span class='ocrx_word' id='word_1_803' title='bbox 2049 2879 2126 2914; x_wconf 80' lang='lat' dir='ltr'>ager</span> <span class='ocrx_word' id='word_1_804' title='bbox 2157 2867 2319 2901; x_wconf 87' lang='lat' dir='ltr'>Nolanus</span> 
     </span>
     <span class='ocr_line' id='line_1_121' title="bbox 1419 2911 2319 2961; baseline 0.002 -14"><span class='ocrx_word' id='word_1_805' title='bbox 1419 2915 1575 2952; x_wconf 83' lang='lat' dir='ltr'>colitur.</span> <span class='ocrx_word' id='word_1_806' title='bbox 1599 2915 1640 2948; x_wconf 86' lang='lat' dir='ltr'>In</span> <span class='ocrx_word' id='word_1_807' title='bbox 1669 2926 1739 2961; x_wconf 90' lang='lat' dir='ltr'>quo</span> <span class='ocrx_word' id='word_1_808' title='bbox 1763 2923 1966 2961; x_wconf 82' lang='lat' dir='ltr'>quanquam</span> <span class='ocrx_word' id='word_1_809' title='bbox 1993 2923 2112 2951; x_wconf 72' lang='lat' dir='ltr'>caetera</span> <span class='ocrx_word' id='word_1_810' title='bbox 2129 2911 2319 2949; x_wconf 69' lang='lat' dir='ltr'>omnialae-</span> 
     </span>
     <span class='ocr_line' id='line_1_122' title="bbox 1419 2958 2318 3003; baseline -0.004 -9"><span class='ocrx_word' id='word_1_811' title='bbox 1419 2958 1548 2994; x_wconf 82' lang='lat' dir='ltr'>tiffime</span> <span class='ocrx_word' id='word_1_812' title='bbox 1573 2963 1750 3003; x_wconf 81' lang='lat' dir='ltr'>veniunt:</span> <span class='ocrx_word' id='word_1_813' title='bbox 1778 2958 1913 2997; x_wconf 83' lang='lat' dir='ltr'>duobus</span> <span class='ocrx_word' id='word_1_814' title='bbox 1940 2968 2056 2993; x_wconf 87' lang='lat' dir='ltr'>tamen</span> <span class='ocrx_word' id='word_1_815' title='bbox 2086 2959 2217 2993; x_wconf 85' lang='lat' dir='ltr'>Nolani</span> <span class='ocrx_word' id='word_1_816' title='bbox 2232 2968 2318 3003; x_wconf 82' lang='lat' dir='ltr'>prae-</span> 
     </span>
     <span class='ocr_line' id='line_1_123' title="bbox 1419 3001 2320 3048; baseline -0.006 -10"><span class='ocrx_word' id='word_1_817' title='bbox 1419 3004 1539 3039; x_wconf 87' lang='lat' dir='ltr'>sertim</span> <span class='ocrx_word' id='word_1_818' title='bbox 1567 3016 1665 3038; x_wconf 86' lang='lat' dir='ltr'>nunc</span> <span class='ocrx_word' id='word_1_819' title='bbox 1689 3004 1877 3048; x_wconf 81' lang='lat' dir='ltr'>indulgent</span> <span class='ocrx_word' id='word_1_820' title='bbox 1901 3025 1911 3041; x_wconf 69' lang='lat' dir='ltr'>s</span> <span class='ocrx_word' id='word_1_821' title='bbox 1944 3003 2113 3038; x_wconf 85' lang='lat' dir='ltr'>arboretis</span> <span class='ocrx_word' id='word_1_822' title='bbox 2139 3013 2242 3046; x_wconf 85' lang='lat' dir='ltr'>atque</span> <span class='ocrx_word' id='word_1_823' title='bbox 2261 3001 2320 3034; x_wconf 71' lang='lat' dir='ltr'>cd*-</span> 
     </span>
     <span class='ocr_line' id='line_1_124' title="bbox 1417 3045 2320 3097; baseline 0 -13"><span class='ocrx_word' id='word_1_824' title='bbox 1417 3050 1538 3097; x_wconf 87' lang='lat' dir='ltr'>ryletis</span> <span class='ocrx_word' id='word_1_825' title='bbox 1551 3062 1561 3090; x_wconf 80' lang='lat'>3</span> <span class='ocrx_word' id='word_1_826' title='bbox 1576 3051 1719 3096; x_wconf 85' lang='lat' dir='ltr'>proinde</span> <span class='ocrx_word' id='word_1_827' title='bbox 1730 3051 1907 3086; x_wconf 86' lang='lat' dir='ltr'>summum</span> <span class='ocrx_word' id='word_1_828' title='bbox 1922 3050 2143 3085; x_wconf 86' lang='lat' dir='ltr'>Nolanorum</span> <span class='ocrx_word' id='word_1_829' title='bbox 2168 3045 2320 3090; x_wconf 66' lang='lat' dir='ltr'>veffigal</span> 
     </span>
     <span class='ocr_line' id='line_1_125' title="bbox 1416 3095 2319 3140; baseline 0.002 -12"><span class='ocrx_word' id='word_1_830' title='bbox 1416 3107 1459 3130; x_wconf 79' lang='lat' dir='ltr'>ex</span> <span class='ocrx_word' id='word_1_831' title='bbox 1486 3096 1576 3130; x_wconf 88' lang='lat' dir='ltr'>hilce</span> <span class='ocrx_word' id='word_1_832' title='bbox 1601 3095 1737 3131; x_wconf 86' lang='lat' dir='ltr'>duobus</span> <span class='ocrx_word' id='word_1_833' title='bbox 1763 3097 1902 3140; x_wconf 80' lang='lat' dir='ltr'>capitur</span> <span class='ocrx_word' id='word_1_834' title='bbox 1931 3120 1939 3130; x_wconf 94' lang='lat'><em>.</em></span> <span class='ocrx_word' id='word_1_835' title='bbox 1966 3097 2061 3129; x_wconf 82' lang='lat' dir='ltr'>Vina</span> <span class='ocrx_word' id='word_1_836' title='bbox 2087 3098 2186 3131; x_wconf 86' lang='lat' dir='ltr'>enirn</span> <span class='ocrx_word' id='word_1_837' title='bbox 2212 3101 2319 3137; x_wconf 85' lang='lat' dir='ltr'>atque</span> 
     </span>
     <span class='ocr_line' id='line_1_126' title="bbox 1417 3140 2318 3186; baseline -0.008 -9"><span class='ocrx_word' id='word_1_838' title='bbox 1417 3142 1584 3177; x_wconf 77' lang='lat' dir='ltr'>avellanae</span> <span class='ocrx_word' id='word_1_839' title='bbox 1609 3140 1746 3177; x_wconf 86' lang='lat' dir='ltr'>abunde</span> <span class='ocrx_word' id='word_1_840' title='bbox 1773 3140 1993 3185; x_wconf 82' lang='lat' dir='ltr'>colliguntur</span> <span class='ocrx_word' id='word_1_841' title='bbox 2009 3166 2017 3176; x_wconf 87' lang='lat'><em>.</em></span> <span class='ocrx_word' id='word_1_842' title='bbox 2044 3141 2239 3186; x_wconf 69' lang='lat' dir='ltr'>Qanritas</span> <span class='ocrx_word' id='word_1_843' title='bbox 2255 3147 2318 3170; x_wconf 85' lang='lat' dir='ltr'>au·</span> 
     </span>
     <span class='ocr_line' id='line_1_127' title="bbox 1418 3181 2317 3233; baseline 0.002 -14"><span class='ocrx_word' id='word_1_844' title='bbox 1418 3194 1490 3220; x_wconf 87' lang='lat' dir='ltr'>tem</span> <span class='ocrx_word' id='word_1_845' title='bbox 1516 3188 1592 3219; x_wconf 82' lang='lat' dir='ltr'>vini</span> <span class='ocrx_word' id='word_1_846' title='bbox 1627 3198 1730 3220; x_wconf 88' lang='lat' dir='ltr'>omne</span> <span class='ocrx_word' id='word_1_847' title='bbox 1752 3196 1861 3231; x_wconf 75' lang='lat' dir='ltr'>genus</span> <span class='ocrx_word' id='word_1_848' title='bbox 1889 3207 1900 3227; x_wconf 82' lang='lat'>‚</span> <span class='ocrx_word' id='word_1_849' title='bbox 1939 3198 2014 3233; x_wconf 82' lang='lat' dir='ltr'>quae</span> <span class='ocrx_word' id='word_1_850' title='bbox 2041 3185 2146 3220; x_wconf 89' lang='lat' dir='ltr'>vendi</span> <span class='ocrx_word' id='word_1_851' title='bbox 2172 3181 2280 3229; x_wconf 80' lang='lat' dir='ltr'>potest</span> <span class='ocrx_word' id='word_1_852' title='bbox 2303 3203 2317 3221; x_wconf 72' lang='grc' dir='ltr'><strong>ο</strong></span> 
     </span>
     <span class='ocr_line' id='line_1_128' title="bbox 1421 3227 2318 3278; baseline 0.001 -13"><span class='ocrx_word' id='word_1_853' title='bbox 1421 3241 1566 3276; x_wconf 73' lang='lat' dir='ltr'>qua-que</span> <span class='ocrx_word' id='word_1_854' title='bbox 1598 3230 1761 3276; x_wconf 75' lang='lat' dir='ltr'>superesse</span> <span class='ocrx_word' id='word_1_855' title='bbox 1785 3232 1815 3265; x_wconf 89' lang='lat' dir='ltr'>ei</span> <span class='ocrx_word' id='word_1_856' title='bbox 1844 3252 1855 3269; x_wconf 81' lang='lat'>‚</span> <span class='ocrx_word' id='word_1_857' title='bbox 1880 3243 1955 3278; x_wconf 79' lang='lat' dir='ltr'>quoe</span> <span class='ocrx_word' id='word_1_858' title='bbox 1979 3230 2054 3267; x_wconf 86' lang='lat' dir='ltr'>usui</span> <span class='ocrx_word' id='word_1_859' title='bbox 2083 3232 2210 3276; x_wconf 87' lang='lat' dir='ltr'>cuique</span> <span class='ocrx_word' id='word_1_860' title='bbox 2238 3227 2282 3262; x_wconf 90' lang='lat' dir='ltr'>est</span> <span class='ocrx_word' id='word_1_861' title='bbox 2306 3249 2318 3266; x_wconf 70' lang='lat'><strong>⁹</strong></span> 
     </span>
     <span class='ocr_line' id='line_1_129' title="bbox 1420 3276 2318 3311; baseline -0.001 0"><span class='ocrx_word' id='word_1_862' title='bbox 1420 3276 1531 3311; x_wconf 83' lang='lat' dir='ltr'>duum</span> <span class='ocrx_word' id='word_1_863' title='bbox 1556 3276 1718 3311; x_wconf 89' lang='lat' dir='ltr'>millium</span> <span class='ocrx_word' id='word_1_864' title='bbox 1748 3276 1926 3311; x_wconf 87' lang='lat' dir='ltr'>doliorum</span> <span class='ocrx_word' id='word_1_865' title='bbox 1959 3277 2002 3311; x_wconf 86' lang='lat' dir='ltr'>est</span> <span class='ocrx_word' id='word_1_866' title='bbox 2038 3277 2175 3310; x_wconf 88' lang='lat' dir='ltr'>dolium</span> <span class='ocrx_word' id='word_1_867' title='bbox 2199 3284 2318 3310; x_wconf 81' lang='lat' dir='ltr'>autem</span> 
     </span>
     <span class='ocr_line' id='line_1_130' title="bbox 1420 3320 2317 3366; baseline -0.003 -11"><span class='ocrx_word' id='word_1_868' title='bbox 1420 3332 1480 3355; x_wconf 81' lang='lat' dir='ltr'>vas</span> <span class='ocrx_word' id='word_1_869' title='bbox 1505 3321 1547 3355; x_wconf 81' lang='lat' dir='ltr'>est</span> <span class='ocrx_word' id='word_1_870' title='bbox 1571 3323 1714 3366; x_wconf 78' lang='lat' dir='ltr'>capiens</span> <span class='ocrx_word' id='word_1_871' title='bbox 1753 3323 1871 3362; x_wconf 76' lang='lat' dir='ltr'>xxiiii.</span> <span class='ocrx_word' id='word_1_872' title='bbox 1892 3322 1996 3356; x_wconf 89' lang='lat' dir='ltr'>cados</span> <span class='ocrx_word' id='word_1_873' title='bbox 2028 3344 2039 3361; x_wconf 92' lang='lat'>‚</span> <span class='ocrx_word' id='word_1_874' title='bbox 2075 3333 2161 3366; x_wconf 84' lang='lat' dir='ltr'>quos</span> <span class='ocrx_word' id='word_1_875' title='bbox 2189 3320 2317 3354; x_wconf 78' lang='lat' dir='ltr'>Bariles</span> 
     </span>
     <span class='ocr_line' id='line_1_131' title="bbox 1420 3366 2319 3448; baseline -0.006 -45"><span class='ocrx_word' id='word_1_876' title='bbox 1420 3375 1554 3411; x_wconf 47' lang='lat' dir='ltr'>nocant</span> <span class='ocrx_word' id='word_1_877' title='bbox 1569 3389 1581 3412; x_wconf 83' lang='lat'>‚</span> <span class='ocrx_word' id='word_1_878' title='bbox 1607 3366 1624 3403; x_wconf 71' lang='lat' dir='ltr'>a</span> <span class='ocrx_word' id='word_1_879' title='bbox 1649 3366 1802 3417; x_wconf 83' lang='lat' dir='ltr'>pondere</span> <span class='ocrx_word' id='word_1_880' title='bbox 1825 3368 1916 3412; x_wconf 78' lang='lat' dir='ltr'>justo</span> <span class='ocrx_word' id='word_1_881' title='bbox 1941 3366 2149 3413; x_wconf 81' lang='lat' dir='ltr'>decentique</span> <span class='ocrx_word' id='word_1_882' title='bbox 2170 3366 2319 3448; x_wconf 57' lang='lat' dir='ltr'><strong>huhmem</strong></span> 
     </span>
     <span class='ocr_line' id='line_1_132' title="bbox 2236 3423 2273 3445; baseline 0 -7"><span class='ocrx_word' id='word_1_883' title='bbox 2236 3423 2273 3445; x_wconf 78' lang='lat'>0-</span> 
     </span>
    </p>
   </div>
  </div>
 </body>
</html>
