2404 3882
125 143 206 192 ᾗ,
389 129 982 179 AMBRosr

70 251 139 286 qua
163 229 326 283 potuisset
343 251 355 268 ‚
379 236 506 264 conata
519 228 688 269 ‚juvenes
701 226 743 260 ad
757 224 850 261 bella
863 237 902 261 ac
919 226 1026 270 pu·A

72 294 158 319 onas
185 276 366 318 evocabat,
383 297 393 313 ‚
417 273 562 319 parabat
587 296 598 312 ‚
629 272 822 308 instruebat
849 295 858 304 .
899 274 981 307 Haec

67 314 165 365 'e'nim
191 327 307 367 imago
345 318 624 366 praeludiumque
652 317 829 360 quoddam
871 318 915 353 est
940 317 986 351 il-

72 375 142 410 lius
165 395 177 411 ‚
211 380 286 416 quae
311 368 419 401 armis
445 376 562 411 pugna
585 374 680 400 certa
703 366 948 399 committitur
974 391 986 401 .

69 423 127 456 ‘Ex
157 428 226 464 quo
255 412 339 449 fides
364 423 503 457 quoque
530 408 633 445 nobis
670 411 780 451 major
805 409 985 450 sumitur,

69 472 143 502 non
169 471 313 508 parvam
340 455 437 492 fuiffe
451 469 572 492 curam
595 459 680 492 artis
706 455 877 490 militaris
892 455 986 499 apud

69 507 202 557 priscos
224 505 404 541 Nolanos,
427 503 541 537 veluti
562 500 801 550 superioribus
813 498 982 546 saepejam

70 554 305 591 monstratum
325 551 433 584 etiam
458 549 502 584 est
516 573 525 584 .

69 645 161 687 DE
195 634 620 691 VINDEM1A‚
651 639 733 682 ΕΤ
763 637 977 685 MORE

183 701 367 757 quodam
384 711 635 753 paganorum
656 709 750 739 cum
782 701 871 749 vin7

326 757 509 798 demiam
540 757 724 797 faciunt.

309 858 340 896 C
389 861 420 895 A
468 862 506 895 P.
598 858 708 897 le.

72 966 142 1042 Α
164 965 316 1002 Rboreta
344 963 464 998 omnia
490 972 563 996 non
601 962 723 997 vineta
748 960 886 995 Nolana
913 961 977 996 esse

174 1007 410 1056 superioribus
446 1005 581 1042 dietum
607 1007 651 1041 est
677 1029 689 1045 ‚
729 1019 804 1041 eam
833 1006 877 1040 ob
903 1019 977 1041 rem

68 1057 249 1095 vindemia
282 1052 324 1088 fit
358 1051 459 1087 scalis
496 1051 709 1097 longiffimis
745 1050 978 1098 pluribusque

67 1104 183 1140 arbori
209 1100 361 1134 admotis
393 1119 405 1136 ‚
437 1097 597 1144 undique
622 1100 719 1134 enim
746 1099 835 1132 rami
864 1099 978 1132 veluti

65 1145 229 1196 promiffa
254 1144 399 1179 brachia
427 1146 535 1178 exerti
561 1141 808 1189 suntzquibus
830 1144 977 1178 malleo-

63 1196 94 1231 li
123 1189 327 1237 flagellaque
355 1200 439 1224 cum
466 1190 611 1224 racemis
625 1189 792 1234 plurimis
817 1187 976 1223 deorsum

67 1239 293 1275 luxuriantes
319 1233 582 1269 sustentantur:
611 1243 788 1279 quaternae
813 1236 1018 1288 quinaeveC

62 1283 163 1321 scalae
187 1279 332 1325 lingulis
359 1278 542 1318 arboribus
575 1278 834 1318 admoventur,
860 1279 977 1328 fingu-

62 1329 109 1365 lis
146 1324 229 1361 verb
256 1324 353 1359 scalis
388 1324 515 1369 linguli
541 1336 760 1361 racemorum
796 1325 977 1369 decerpto-

61 1386 118 1410 ςςς
143 1395 155 1411 ,
182 1381 270 1417 quos
289 1371 556 1405 vindemiatores
580 1381 713 1406 vocant
741 1393 752 1409 ‚
784 1380 939 1405 utuntur
963 1395 974 1413 .-

62 1418 187 1454 Turba
212 1426 296 1451 vero
322 1416 448 1453 horum
475 1419 572 1451 varia
599 1416 667 1450 est.
694 1418 787 1451 Nam
813 1418 859 1450 ali
888 1428 976 1449 uan-

61 1463 108 1498 do
152 1464 240 1498 XV.
263 1461 508 1507 decerptorum
541 1459 624 1501 est·'‚
651 1461 841 1509 aliquando
918 1462 968 1497 X.

64 1511 97 1545 &
144 1507 273 1542 XXV.
320 1517 359 1540 ac
405 1508 533 1541 XXX.
586 1510 665 1542 fert
714 1505 861 1560 Quisque
901 1508 975 1541 lur-

62 1552 140 1595 sum
164 1552 283 1587 cistam
309 1552 764 1595 tiirbinatam‚cujusbalis
789 1553 973 1591 conusest‚

61 1598 220 1648 suprema
245 1609 322 1641 pars
346 1599 460 1641 ampla
486 1609 525 1632 ac
540 1600 716 1645 virgulata
734 1622 745 1639 ‚
770 1598 972 1646 amplitudo

61 1646 108 1682 est
134 1644 253 1678 decem
277 1645 475 1689 palmorum
500 1665 511 1682 ‚
537 1643 691 1679 altitudo
715 1656 827 1691 pauco
851 1647 972 1679 minor

61 1692 233 1727 brachi03
257 1689 364 1724 habet
388 1699 426 1722 ca
455 1691 554 1726 ulum
569 1701 639 1737 qua
665 1692 797 1726 vimen·
815 1692 852 1725 in
869 1689 972 1724 seml-

61 1736 236 1775 circulum
264 1733 396 1769 flexum
440 1748 524 1782 upra
557 1749 593 1771 os
625 1738 794 1783 utrinque
820 1735 966 1772 affixum

61 1782 108 1821 est
138 1803 149 1820 ‚
186 1782 246 1814 cui
266 1780 394 1823 longus
418 1780 517 1820 funis
551 1792 657 1829 atque
690 1794 804 1816 uncus
829 1783 968 1826 ligneus

59 1828 255 1873 alligantur
280 1837 292 1865 3
316 1825 387 1861 haec
405 1827 529 1872 fiscina
556 1837 786 1875 nuncupatur
807 1828 972 1872 &finden-

59 1872 127 1911 do,
151 1883 306 1917 namque
331 1883 445 1921 quum
474 1873 573 1914 plena
589 1872 768 1908 descendit
795 1873 855 1908 suo
880 1884 972 1909 cono

59 1920 154 1952 vites
178 1928 217 1951 ac
242 1920 456 1953 ramulculos
484 1920 688 1964 implicatos
725 1918 833 1955 findit
856 1934 866 1954 ι
907 1928 968 1954 aut

61 1963 124 2006 (ut
149 1965 320 2008 Varro)‹2
336 1964 502 2008 ferendo:
529 1975 589 2000 aut
614 1965 706 2011 quod
728 1976 894 2002 contecta
910 1968 969 2001 vi-

58 2008 216 2048 minibus
242 2017 316 2043 tota
342 2010 386 2044 est
413 2009 525 2046 fiflilis
553 2036 561 2044 .
603 2010 777 2047 Fiscinam
802 2025 884 2057 ergo
911 2025 966 2047 ra-

58 2065 240 2088 cemorum
267 2055 406 2100 plenam
435 2067 542 2090 manu
560 2058 672 2092 veluti
697 2058 785 2094 saera
811 2060 967 2094 trochlea

57 2111 119 2149 per
141 2099 336 2133 dussarium
364 2099 487 2136 funem
510 2101 672 2138 demittit
699 2103 742 2138 ab
764 2106 833 2140 alta
864 2104 967 2139 arbo-

57 2158 95 2181 re
122 2144 361 2180 vindemiator
374 2156 519 2195 aqatque
546 2149 615 2184 alta
644 2161 730 2184 voce
755 2150 885 2186 affidue
899 2151 970 2186 ela-

57 2199 134 2226 mat
159 2193 334 2236 nuncians
358 2191 727 2236 filcmae.descenlum‚
755 2198 856 2232 humi
884 2208 968 2231 vero

61 2237 160 2283 pueri
187 2237 268 2268 lunt
292 2259 303 2275 ‚
329 2248 415 2277 quos
426 2238 620 2282 fiscinarios
645 2253 795 2282 vocant,
820 2245 883 2289 qui
909 2241 967 2275 de-

55 2280 171 2322 missas
198 2277 335 2315 fiscinas
363 2286 543 2328 capientes
569 2289 603 2320 in
633 2286 759 2324 sollum
779 2292 966 2323 invertunt

54 2327 237 2368 extemplo
254 2347 266 2364 ι,
290 2328 518 2374 racemosque
545 2331 584 2364 de
597 2332 717 2368 fiscina
741 2337 778 2369 in
807 2333 896 2368 illud
911 2346 971 2368 ex-

56 2373 228 2422 cutiunt3
254 2370 382 2407 solium
404 2385 485 2408 vero
511 2378 678 2423 cupellam
705 2378 721 2414 ὲ
750 2392 839 2426 cupo
868 2382 969 2414 &ca-

53 2424 209 2463 pacitate
229 2427 361 2454 vocant
376 2431 386 2451 ·.
404 2419 461 2454 vel
488 2423 652 2458 Graecum
676 2437 805 2461 nomen
832 2424 969 2460 servane

53 2470 105 2499 tes
141 2463 303 2516 Mur-cazor?
343 2477 426 2499 nam
454 2466 520 2506 hoc
547 2469 592 2513 est
616 2471 736 2505 calicis
761 2484 864 2519 pars,
892 2483 967 2518 quae

51 2506 199 2560 humore
225 2509 424 2561 impletur3
451 2510 576 2548 solium
603 2524 722 2551 autem
756 2516 966 2553 tresfiscinas

54 2559 151 2599 capit
166 2575 178 2592 ‚
201 2552 364 2591 fiscmam
391 2568 472 2591 vero
496 2570 701 2597 evacuatam
724 2562 964 2598 vindemiator

51 2595 186 2632 sursum
213 2601 346 2636 iterum
370 2613 430 2648 per
457 2607 611 2640 eundem
638 2606 761 2644 funem
788 2609 962 2654 paulatim

51 2644 202 2680 retrahit
230 2669 240 2678 .
263 2646 411 2692 Cupella
434 2648 636 2695 singulatim
662 2656 773 2699 capiti
799 2652 961 2697 imposita

49 2685 162 2741 defert
173 2689 213 2723 ad
228 2701 373 2727 currum
390 2696 520 2730 mulier
536 2709 603 2731 una
615 2719 626 2737 ‚
641 2709 701 2737 aut
714 2701 836 2738 altera,
853 2711 960 2747 quam

49 2731 281 2785 cop—hmariam
306 2740 486 2785 appellant
503 2764 513 2780 ‚
527 2746 648 2779 currui
676 2748 774 2780 enim
789 2757 957 2792 magnum

50 2778 179 2819 solium
207 2779 464 2830 superpo‘litum
490 2787 533 2821 est
554 2811 565 2827 ‚
599 2790 691 2836 quod
714 2791 801 2825 reete
831 2800 961 2826 vocant

50 2822 212 2878 labellum
237 2829 366 2864 Nolani
394 2842 402 2864 ;
437 2832 481 2866 est
510 2836 607 2869 enim
635 2836 772 2870 labrum
800 2840 830 2872 δε
852 2836 961 2871 label-

49 2868 128 2904 lum
155 2874 337 2909 vinarium
362 2887 373 2915 3
398 2887 503 2912 curru
536 2879 666 2916 deinde
693 2881 863 2917 labellum
885 2883 960 2929 ple-

49 2926 139 2967 num
166 2927 316 2954 uvarum
341 2923 635 2961 conculcatarum
660 2926 701 2960 ad
728 2928 843 2963 lacurn
869 2933 958 2962 Con-

48 2959 220 3015 vehunt,
244 2965 314 2999 haec
335 2968 379 3002 est
405 2969 542 3003 Nolana
570 2971 777 3013 vindemia.
805 2978 855 3008 At:
869 2984 957 3007 vero

46 3003 324 3062 vindemiatores
350 3024 390 3047 ea
414 3013 471 3048 die
486 3037 496 3053 ‚
519 3027 588 3062 qua
600 3029 664 3063 pro
677 3029 858 3065 quoquam
873 3020 956 3053 vin-

46 3050 202 3086 demiam
230 3052 393 3097 faciunt,
413 3068 519 3106 atque
537 3073 596 3107 per
621 3071 740 3099 totum
765 3063 954 3100 vindemiae

46 3105 188 3150 temPPS
203 3101 338 3135 Baccho
359 3106 432 3139 Deo
447 3106 542 3154 pleni
558 3107 622 3143 effe
638 3131 649 3147 ‚
668 3120 707 3143 ac
732 3107 846 3144 furere
858 3119 953 3156 prore²

43 3140 104 3182 sus
127 3142 296 3196 Videntur
312 3170 322 3180 .
348 3149 433 3189 Tria
446 3154 545 3187 enim
564 3164 686 3198 praeter
707 3166 850 3195 omnem
866 3166 954 3190 con·

40 3187 270 3240 suetudinem
295 3191 510 3241 modumque
532 3196 697 3233 fal-litant
712 3197 854 3238 ‚esurus
869 3203 955 3234 Vin·

44 3232 222 3286 demiam,
243 3236 435 3275 clamorem
461 3241 750 3284 lalcivientiurn3
776 3244 902 3290 singuli
919 3258 956 3280 e-

45 3290 125 3315 nim
152 3288 294 3315 tantum
320 3284 515 3320 comedunt
540 3299 607 3322 una
635 3288 690 3330 die
707 3312 717 3328 ‚
747 3289 850 3336 idque
872 3300 924 3326 ter
940 3314 951 3331 ,

44 3335 222 3378 quantum
243 3330 329 3362 alias
354 3339 504 3376 quatuor
521 3332 728 3369 hominibus
749 3334 832 3370 satis
856 3335 950 3372 effer:

41 3380 244 3420 ‚quinetiam
267 3374 491 3421 celerrimam
524 3376 744 3419 vindemiam
767 3401 780 3424 ι
805 3391 852 3428 ,ac
877 3394 952 3424 tem

966 2770 1002 2812 F

1036 129 1674 177 ILEONIS
1816 137 1902 182 ‘118

1040 239 1183 268 omnem
1210 233 1322 271 agunt
1347 224 1522 265 ridentes,
1547 226 1728 268 saltantes,
1753 232 1960 266 currentess

1040 289 1133 325 que,
1161 284 1271 320 quum
1293 272 1394 306 humi
1420 269 1522 308 sunt;
1542 271 1644 307 scalas
1662 285 1802 321 quoque
1831 276 1956 318 altiffi..

1043 334 1117 362 mas
1135 319 1334 360 ereEialque
1357 318 1466 351 altera
1493 328 1601 351 mauu
1628 319 1668 352 de
1695 320 1814 355 arbore
1836 320 1877 355 ad
1903 335 1956 358 ar—

1045 370 1169 406 borem
1197 361 1325 398 assidue
1350 361 1592 408 facillimeque
1619 363 1956 402 transferunt.Cla-

1044 425 1123 451 mor
1144 421 1227 445 vero
1252 417 1398 454 captum
1426 419 1571 441 omnem
1599 408 1757 443 hominis
1784 415 1919 458 luperat
1939 439 1953 456 ‚

1044 469 1152 506 atque
1176 455 1237 500 qui
1264 456 1326 489 vix
1352 452 1582 487 audientibus
1604 452 1785 494 creditum
1810 469 1890 491 nam
1914 472 1951 493 0.

1042 506 1172 543 mnino
1196 498 1400 534 furentium
1427 498 1495 532 est.
1521 498 1563 533 In
1589 509 1671 543 agro
1696 502 1895 544 quinetiam
1914 506 1954 539 ὶῃ

1040 562 1112 598 quo
1140 545 1367 582 vindemiant
1391 566 1402 583 ‚
1422 541 1556 589 semper
1586 543 1797 589 pudibunda
1825 548 1952 584 vinde-

1038 592 1185 632 miando
1200 591 1420 626 inclamant,
1435 589 1679 634 obscoenalque
1705 589 1859 636 quasque
1870 604 1949 638 par-

1037 652 1089 679 tes
1122 638 1190 673 suis
1224 635 1433 671 nominibus
1457 637 1737 681 pronunciantes
1759 658 1770 681 ³
1797 649 1948 675 veneres

1037 689 1092 723 vel
1117 680 1391 720 obscoenissimas
1415 679 1446 714 se
1475 688 1596 725 optare
1622 682 1825 717 exclamant
1853 704 1864 721 ‚
1891 696 1950 721 eas

994 739 1028 782 Β
1041 730 1172 776 jaaa'nt
1184 751 1196 768 ‚
1212 730 1430 763 minitantur
1446 749 1457 766 ‚
1474 727 1581 772 idque
1607 726 1776 761 omnibus
1800 730 1845 762 iis
1859 733 1949 775 ‚qui

1039 780 1141 817 humi
1168 775 1248 811 sunt
1274 785 1285 806 ε
1314 782 1417 819 atque
1440 772 1486 806 ob
1513 773 1584 808 haec
1612 772 1703 807 dit-'tr
1736 776 1847 809 etiam
1874 777 1950 812 rifi.

1036 834 1115 862 tant
1142 832 1246 869 atque
1272 819 1536 853 cachinnantur
1559 841 1569 850 .
1604 818 1708 861 Qod
1736 817 1758 852 fi
1785 824 1859 865 agri
1886 822 1949 857 do..

1035 874 1178 908 minum
1214 865 1444 898 dominamve
1482 872 1543 899 aut
1572 861 1778 898 domesticos
1815 865 1946 904 horum

1031 916 1222 964 speetarint
1248 911 1260 951 (
1282 920 1436 955 namque
1462 918 1535 943 tota
1573 906 1712 941 familia
1740 909 1780 943 ad
1818 923 1946 957 agrum

1033 959 1328 1001 vindemiamque
1365 955 1395 989 se
1420 952 1578 989 conferre
1599 951 1709 995 solet)
1735 963 1812 990 tum
1840 962 1941 994 velu-

1034 1010 1064 1043 ti
1089 1004 1278 1040 crabrones
1302 1003 1435 1036 irritati
1452 999 1555 1034 simul
1578 1008 1699 1033 omnes
1725 1002 1943 1044 exclamant,

1035 1062 1141 1099 atque
1165 1047 1332 1082 certatim
1356 1045 1479 1081 efflant
1506 1067 1517 1084 ‚
1555 1042 1646 1090 quod
1685 1046 1815 1090 cuique
1841 1057 1946 1084 vene-

1035 1108 1134 1134 reum
1160 1092 1284 1132 lubet3
1310 1092 1462 1138 reliquos
1487 1103 1571 1125 vero
1596 1087 1825 1125 advenientes
1853 1094 1947 1129 ada-

1034 1154 1139 1185 qrum
1177 1147 1238 1173 aut
1264 1137 1352 1174 forte
1379 1135 1660 1184 pertranseuntes
1689 1156 1700 1173 ‚
1740 1148 1808 1170 non
1838 1139 1945 1176 modo

1034 1190 1090 1224 his
1121 1185 1200 1233 ipfis
1230 1184 1347 1219 verbis
1372 1185 1557 1229 excipiunt
1586 1203 1597 1221 ,
1633 1178 1687 1213 sed
1712 1182 1821 1216 etiam
1843 1190 1945 1222 omni

1034 1245 1160 1279 genere
1184 1232 1434 1271 conviciorum
1462 1228 1618 1267 laceffere
1642 1224 1822 1270 gaudent:
1847 1232 1944 1275 quod

1034 1280 1056 1314 si
1083 1282 1122 1313 in
1151 1279 1277 1311 itinere
1306 1275 1404 1309 obvii
1429 1273 1564 1309 fuerint
1601 1272 1658 1308 vel
1695 1270 1860 1315 civibus,
1888 1279 1946 1314 vel

1032 1323 1229 1370 hospitibus
1255 1331 1334 1356 tum
1350 1321 1515 1355 convicia
1540 1318 1664 1352 auditu
1688 1317 1871 1355 mirabilia
1887 1325 1946 1357 in.

1033 1372 1186 1405 veniunt
1209 1389 1220 1406 ,
1261 1377 1366 1413 atque
1392 1373 1634 1411 contorquent
1671 1365 1708 1397 in
1736 1375 1793 1397 eos
1819 1377 1943 1412 psaeter

1034 1415 1178 1457 injefftas
1205 1425 1307 1448 omne
1335 1423 1444 1459 genus
1474 1422 1620 1452 veneres
1642 1434 1652 1448 ‚
1689 1410 1763 1443 Nec
1784 1422 1940 1457 parcunt

1033 1462 1188 1507 regulis,
1216 1457 1500 1503 magistratibus,
1526 1454 1647 1489 aliisve
1675 1454 1822 1491 summis
1838 1461 1940 1496 viris.

1031 1504 1275 1542 Sacerdotibus
1306 1514 1444 1551 quoque
1460 1526 1471 1542 ‚
1500 1499 1688 1549 praesertim
1712 1503 1902 1538 coenobitis
1927 1527 1941 1544 ‚

1031 1554 1194 1588 omnium
1222 1549 1398 1584 furiarum
1433 1546 1664 1583 furentiffimi
1701 1544 1821 1582 eadem
1847 1551 1941 1584 male

1031 1595 1260 1642 obscoeneque
1283 1595 1373 1629 diffta
1401 1595 1608 1632 incutiunt,
1637 1592 1938 1635 licubivid'erinr‚

1030 1645 1152 1689 Neque
1179 1643 1223 1677 ob
1244 1639 1317 1680 *haec
1331 1638 1554 1685 poennsullas
1578 1637 1744 1687 solvunt,
1770 1651 1864 1674 more
1881 1641 1937 1675 lo-

1028 1691 1062 1724 ci
1089 1700 1145 1721 eos
1173 1685 1346 1721 absolutos
1370 1684 1503 1719 ferente
1520 1707 1530 1716 .
1557 1685 1767 1719 Monentem
1796 1686 1939 1726 vero‚fi

1029 1736 1108 1781 quis
1134 1745 1189 1768 eos
1215 1734 1377 1778 castigare
1404 1732 1517 1767 velit,
1544 1728 1706 1764 derident
1733 1751 1744 1767 ‚
1774 1742 1813 1765 ac
1839 1744 1941 1767 exer?

1031 1792 1065 1816 ta
1093 1781 1214 1825 lingua
1238 1786 1479 1812 contemnunt
1507 1796 1518 1812 ‚
1544 1786 1670 1821 oreque
1694 1774 1768 1821 ipso
1791 1779 1830 1811 in
1855 1790 1936 1818 eum

1030 1825 1209 1872 oppedunt
1225 1848 1235 1865 ‚
1262 1822 1372 1870 pudor
1397 1822 1517 1856 nullus
1541 1844 1552 1860 ‚
1591 1824 1790 1856 reverentia
1817 1825 1937 1864 omnis

1030 1872 1142 1906 deleta
1169 1872 1212 1906 est
1239 1873 1276 1904 in
1299 1871 1348 1903 eis
1366 1890 1376 1907 ‚
1419 1866 1585 1914 loquendi
1626 1864 1762 1901 summa
1789 1870 1937 1910 licentia

1027 1928 1134 1964 acque
1161 1917 1361 1962 arrogantia
1401 1916 1438 1948 in
1473 1923 1641 1959 promptu
1666 1913 1710 1947 est
1735 1934 1746 1951 ‚
1788 1914 1937 1949 demum

1024 1976 1100 1999 non
1126 1964 1286 1999 homines
1322 1959 1490 1995 videntur
1518 1981 1529 1998 ‚
1564 1958 1618 1994 sed
1646 1961 1756 2005 Satyri
1783 1971 1822 1995 ac
1849 1962 1934 1996 Bac-

1027 2009 1083 2044 chi
1109 2007 1298 2051 sacerdotes
1323 2007 1522 2051 petulantes
1539 2027 1549 2044 ‚
1571 2006 1720 2045 injurii,
1749 2005 1936 2041 lascivien-

1027 2065 1102 2095 tes,
1134 2057 1354 2090 luxuriantes
1381 2077 1390 2086 .
1431 2050 1612 2095 Postquam
1645 2062 1727 2087 vero
1752 2051 1935 2090 vindemia

1025 2102 1143 2138 exafila
1158 2101 1228 2139 est,
1254 2101 1375 2133 omnia
1406 2096 1528 2136 sanant
1550 2119 1560 2136 ‚
1585 2095 1832 2144 oblivionique
1860 2110 1936 2137 om·

1027 2162 1111 2184 nem
1153 2148 1254 2187 illam
1277 2143 1547 2179 obscoenitatem
1570 2141 1744 2176 mandant
1772 2166 1783 2183 ‚
1817 2143 1937 2182 mode-

1027 2195 1127 2230 stiam
1144 2202 1264 2228 amant
1282 2214 1292 2230 ‚
1318 2191 1507 2235 eademque
1535 2190 1803 2233 temperantur,
1818 2190 1933 2236 pudor

1033 2254 1088 2275 eos
1111 2242 1222 2284 regit:
1250 2236 1355 2272 verba
1380 2236 1504 2269 omnia
1529 2237 1594 2274 (ut
1618 2233 1746 2276 decet)
1772 2235 1815 2270 ab
1831 2239 1933 2271 omni

1030 2285 1259 2321 obscoenitate
1273 2290 1420 2329 purgata
1445 2277 1673 2325 proferuntur
1686 2301 1697 2318 2
1718 2281 1812 2326 quali
1827 2282 1933 2316 ex‘ha·

1027 2333 1110 2367 larit
1133 2330 1269 2365 insania
1296 2340 1307 2366 3
1334 2325 1485 2360 eundem
1511 2338 1547 2360 n.
1574 2325 1724 2368 spec-'tare
1749 2328 1794 2361 est
1821 2327 1932 2362 hone·

1026 2378 1069 2413 ste
1095 2379 1305 2413 viventem,
1331 2375 1393 2417 qui
1417 2373 1550 2406 nonita
1563 2371 1703 2418 pridem
1732 2370 1843 2407 fuerat
1857 2384 1934 2407 ma·-

1024 2426 1133 2459 ximis
1159 2429 1344 2471 corruptus
1371 2416 1518 2452 insaniis
1536 2441 1546 2451 .
1578 2419 1819 2452 Veruntamen
1833 2419 1933 2454 hunc

1025 2470 1137 2516 ipsum
1164 2478 1299 2502 morem
1326 2462 1505 2504 inolevisse
1544 2464 1688 2508 paganis
1712 2465 1862 2498 Nolanis
1888 2465 1934 2500 ab

1024 2508 1135 2561 orgiis
1161 2513 1317 2548 Bachicis
1345 2518 1455 2556 atque,
1475 2510 1666 2542 trietericis
1681 2530 1692 2547 ‚
1710 2509 1823 2544 veluti
1843 2513 1930 2550 Bac-

1023 2562 1128 2597 chum
1149 2558 1262 2606 ipsum
1274 2555 1474 2592 nascentem
1496 2562 1582 2600 quot
1597 2555 1701 2587 annis
1729 2564 1832 2600 atque
1849 2559 1930 2593 vin..

1020 2608 1137 2645 dernia
1166 2603 1238 2651 ipsa
1262 2601 1549 2640 celebrantibus:
1577 2601 1808 2646 quamobrem
1824 2601 1930 2638 modo

1020 2652 1175 2701 quodam
1200 2649 1290 2684 sacer
1316 2647 1457 2688 habitus
1488 2645 1551 2681 effe
1580 2644 1721 2684 Videtur
1746 2646 1929 2684 mosisce.

1020 2704 1075 2735 Ex
1099 2711 1170 2746 quo
1186 2696 1288 2731 nobis
1309 2692 1497 2733 conje6lari
1519 2693 1601 2726 licet
1616 2713 1627 2730 ‚
1642 2691 1836 2737 priscorum
1854 2696 1929 2728 No-

1020 2737 1183 2781 lanorum
1210 2741 1437 2787 diligentiam
1458 2737 1629 2777 summam
1645 2746 1748 2783 atque
1774 2739 1927 2776 studium

1017 2802 1190 2828 maenum
1216 2790 1254 2822 in
1279 2799 1314 2822 re
1342 2787 1477 2830 agraria
1501 2784 1653 2818 extitisse
1676 2809 1684 2816 .
1711 2787 1859 2830 Nanque
1887 2786 1927 2821 fi-

1018 2824 1098 2873 cuti'
1121 2835 1258 2870 rusticis
1283 2843 1381 2878 oequo
1407 2831 1530 2864 auimo
1555 2838 1694 2864 tantam
1720 2828 1925 2869 libertatem

1016 2881 1251 2918 concedentes
1268 2902 1279 2919 ‚
1295 2876 1463 2920 videntur
1489 2875 1633 2910 voluisse
1662 2875 1841 2911 Bacchum
1863 2889 1926 2924 pet

1016 2928 1075 2964 sua
1100 2926 1194 2961 sacra
1217 2921 1314 2965 coli,
1343 2923 1490 2967 excipi,
1511 2930 1616 2968 atque
1642 2919 1748 2955 doliis
1776 2924 1882 2958 condi
1908 2936 1922 2959 ε

1014 2976 1066 3012 ita
1084 2975 1200 3012 vites,
1233 2971 1397 3008 arbores,
1422 2966 1648 3012 arbor-eraque
1675 2964 1812 3003 summa
1838 2981 1923 3007 cura

1014 3029 1120 3066 atque
1142 3018 1333 3063 diligentia
1360 3013 1523 3053 coluisse,
1549 3011 1742 3048 creduntur
1759 3038 1769 3046 .
1799 3020 1923 3056 Arver

1011 3077 1051 3104 10
1064 3087 1076 3104 ‚
1102 3065 1231 3099 Enrice
1246 3064 1408 3109 princeps
1422 3081 1434 3099 2
1448 3057 1487 3093 eb
1499 3060 1570 3101 jam
1584 3059 1650 3101 (ut
1664 3058 1761 3095 vides
1775 3062 1788 3099 )
1804 3074 1925 3098 rever-

1012 3109 1036 3146 fi
1064 3108 1208 3148 summ,
1233 3107 1327 3142 unde
1352 3106 1576 3153 principium
1601 3103 1771 3140 facientes
1785 3104 1923 3145 fuimus

1009 3153 1204 3204 progreffi3
1232 3153 1276 3189 ab
1298 3164 1380 3199 agro
1403 3154 1500 3190 enim.
1515 3149 1684 3198 auspicati
1699 3153 1737 3186 in
1749 3153 1918 3196 eundern,

1012 3202 1150 3238 cun-Stis
1168 3221 1180 3241 ²
1215 3212 1292 3246 quae
1319 3197 1361 3232 ad
1385 3196 1510 3233 urbem
1536 3198 1665 3234 Nolam
1695 3201 1921 3246 patriamque

1011 3247 1164 3282 nostram
1202 3244 1394 3291 spectarent
1419 3244 1641 3290 pertraSiatis
1669 3265 1681 3282 ‚
1707 3243 1878 3279 rediimus
1904 3255 1918 3278 t

1010 3291 1116 3336 Qod
1142 3290 1206 3327 nifi
1233 3289 1354 3326 eadem
1379 3291 1510 3326 iterum
1536 3288 1711 3325 recensere
1735 3290 1913 3328 velimus,

1006 3335 1058 3373 fas
1082 3337 1126 3373 est
1140 3359 1152 3378 ‚
1178 3334 1324 3379 modum
1343 3338 1404 3374 hic
1430 3346 1537 3383 atque
1559 3334 1672 3374 finem
1694 3335 1891 3373 faciamus.

1427 3432 1464 3472 H
1510 3442 1533 3476 ἃ
1760 3426 1875 3463 GAB0·
